2436 4164
183 412 243 462 viro
266 411 394 462 comitate
423 411 533 463 condita
559 411 678 478 gravitas
690 431 697 475 ;
727 428 777 462 nec
804 414 930 462 senectus
956 428 1045 464 mores
1076 417 1160 464 muta·
1188 437 1189 482 p

183 493 267 542 verat.
321 488 484 557 Quanquam
501 507 565 541 eum
586 490 673 542 colere
686 490 758 556 coepi
779 493 836 550 non
863 489 1012 542 admodum
1035 492 1161 558 grandem
1188 549 1189 562 ἵ

182 573 260 634 natu,
286 569 334 620 sed
360 572 453 620 tamen
478 567 537 634 jam
564 572 645 620 astate
672 572 840 636 provectum.
895 569 978 621 Auno
1005 569 1078 621 enim
1102 573 1160 638 post
1188 585 1189 668 q

184 647 285 700 Consul
311 647 430 714 primum
457 647 556 712 fuerat,
572 663 655 714 quam
682 663 732 714 ego
765 651 848 699 natus
876 664 959 711 sum;
987 665 1104 716 cumque
1133 665 1161 700 eo

182 729 311 792 quartum
337 725 454 777 Consule
476 725 694 778 adolescentulus
718 725 796 777 miles
819 725 854 778 ad
879 725 999 793 Capuam
1023 727 1160 793 profectus

181 821 252 869 sum,
278 803 430 870 quintoque
457 821 529 856 anno
556 809 618 871 post
645 803 680 856 ad
705 803 861 858 Tarentum.
909 803 1037 867 Quaestor
1065 806 1161 858 deinde

181 881 361 950 quadriennio
381 886 444 948 post
465 883 554 934 factus
575 899 656 946 sum;
685 900 767 949 quem
790 883 982 950 magistratum
1005 884 1076 951 gessi
1093 884 1162 937 Con·
1188 875 1189 962 l

181 961 286 1012 sulibus
310 960 446 1012 Tuditano
473 966 502 1012 et
524 960 652 1028 Cethego,
681 978 767 1028 quum
791 962 902 1029 quidem
929 962 984 1029 ille,
1014 962 1162 1016 admodum

180 1056 273 1104 senex,
299 1055 393 1091 eaeor
412 1039 479 1106 legis
496 1039 596 1092 cueae
618 1040 652 1092 se
676 1039 755 1092 dona
775 1043 803 1092 a
823 1041 981 1094 maestus
1001 1041 1063 1094 ruia
1110 1041 1163 1094 nn

180 1122 209 1170 et
227 1117 298 1170 bella
319 1118 438 1185 gerebat,
463 1122 496 1170 ut
516 1119 679 1185 adolescens,
697 1136 784 1186 quum
803 1119 884 1186 plane
904 1120 1015 1187 grandis
1036 1124 1120 1188 esset,
1138 1124 1162 1172 et

180 1195 364 1248 Hannibalem
381 1196 542 1267 juveniliter
565 1199 749 1250 exsultantem
771 1197 904 1265 patientia
928 1215 977 1251 sua
1000 1198 1162 1264 molliebat;

179 1275 214 1328 de
229 1291 283 1342 quo
297 1276 425 1343 praeclare
438 1275 578 1328 familiaris
591 1281 684 1329 noster
698 1273 804 1329 Ennius
819 1295 825 1330 ι

184 259 203 312 4
426 303 432 314 .
497 271 532 313 u.
550 271 660 313 runnu
682 271 849 314 cressonis

295 1455 298 1462 .
339 1415 412 1463 Unus
422 1416 498 1464 homo
509 1416 580 1464 nobis
591 1416 731 1464 cunctando
742 1417 853 1464 restituit
864 1433 931 1476 rem;

339 1478 398 1526 Non
409 1480 476 1526 enim
486 1495 600 1528 rumores
610 1481 718 1541 penebat
728 1489 787 1528 ante
798 1480 910 1528 salutern.

338 1543 405 1604 Ergo
415 1543 658 1606 postquemsgisque
669 1543 716 1592 viri
726 1559 793 1592 nunc
804 1544 882 1606 gloria
892 1543 975 1592 claret

182 1681 227 1730 11.
252 1677 402 1728 Tarentum
415 1693 480 1728 vero
494 1693 549 1743 qua
562 1677 713 1744 vigilantia,
730 1694 786 1744 quo
799 1677 913 1730 consilio
924 1677 1026 1746 recepit
1041 1682 1047 1733 ἱ
1077 1697 1165 1748 quum
1188 1687 1189 1710 ³

143 1771 145 1778 ’
180 1755 301 1824 quidem,
317 1772 361 1806 me
374 1753 512 1820 audiente,
529 1754 684 1821 Salinatori,
700 1755 757 1822 qui,
773 1755 871 1814 amisso
885 1756 995 1824 oppido,
1011 1757 1123 1826 fugerat
1137 1761 1164 1812 in
1187 1719 1189 1842 l

179 1851 277 1900 arcem,
293 1833 423 1901 glorianti
436 1836 520 1900 atque
533 1833 574 1885 ita
587 1833 711 1886 dicenti:
731 1834 799 1886 Mea
812 1851 902 1901 opero,
920 1835 949 1902 Q.
964 1835 1043 1903 rabi,
1061 1837 1164 1891 Tarac-
1188 1849 1189 1860 ¹

179 1919 238 1966 twm
261 1912 382 1980 recepisti
392 1929 403 1977 ,·
425 1913 445 1940 “
460 1912 542 1978 Certe,
558 1911 650 1979 iuquit
671 1911 785 1976 ridens;
805 1929 872 1964 caan
892 1912 947 1964 cisi
967 1917 999 1966 w
1020 1917 1162 1982 wmdisscs,

179 2008 322 2060 uniquam
341 1989 521 2058 recepissem.’'
563 1990 624 2042 Nec
643 2007 709 2044 vero
728 1990 758 2042 in
778 1990 859 2043 armis
879 1993 1062 2060 praestantior,
1078 2011 1164 2062 quam

177 2073 208 2124 in
229 2074 313 2138 tcga;
340 2070 389 2136 qui
410 2069 512 2122 Consul
534 2069 643 2136 iterum,
668 2069 712 2138 Sp.
730 2069 848 2122 Carvilio
871 2069 973 2138 collega
993 2071 1163 2140 quiescente,

179 2151 207 2203 C.
230 2148 375 2214 Flaminio,
405 2147 527 2200 itibuno
553 2149 649 2216 plebis,
675 2148 766 2216 quoad
799 2149 898 2216 potuit,
925 2147 1038 2217 restitit,
1064 2169 1164 2218 agrum

178 2227 321 2281 Picentem
348 2231 376 2279 et
404 2226 540 2279 Gallicum
566 2227 670 2280 viritim
696 2231 791 2280 contra
825 2226 942 2280 Senatus
968 2229 1163 2285 auctoritatem

178 2306 335 2368 dividenti;
364 2323 504 2373 augurque
533 2323 619 2373 quum
645 2311 724 2372 esset,
748 2306 837 2360 dicere
863 2323 946 2359 ausus
973 2311 1023 2374 est,
1050 2310 1163 2376 optimis
1188 2317 1189 2320 ’

178 2385 305 2453 auspiciis
327 2400 360 2436 ea
379 2383 446 2450 geri,
462 2401 525 2450 quse
544 2401 594 2452 pro
612 2385 769 2451 reipublicae
791 2384 879 2436 salute
899 2390 1058 2452 gererentur
1069 2407 1077 2451 ;
1098 2405 1163 2456 quae

179 2468 273 2518 contra
286 2462 482 2530 rempublicam
495 2463 638 2526 ferrentur,
650 2466 745 2515 contra
754 2463 873 2530 auspicia
886 2463 960 2518 ferri.
1005 2467 1049 2518 12.
1068 2465 1164 2520 Multa

179 2543 208 2595 in
227 2560 259 2595 eo
277 2542 335 2595 viro
353 2541 482 2608 praeclara
500 2541 634 2607 cognovi:
655 2541 701 2594 sed
720 2541 790 2593 nihil
810 2545 851 2593 est
866 2542 1060 2612 admirabilius,
1077 2561 1163 2612 quam

180 2619 376 2690 quomodoille
389 2623 506 2671 mortem
519 2617 569 2672 filii
583 2619 658 2685 tulit,
674 2619 740 2672 clari
752 2619 804 2672 riri
818 2623 846 2672 et
860 2621 1015 2674 consularis.
1059 2622 1111 2676 Est
1132 2626 1163 2676 in
1188 2635 1189 2722 q

179 2700 306 2753 manibus
329 2698 451 2750 laudatio
463 2717 470 2761 ;
495 2713 578 2764 quam
602 2715 689 2765 quum
712 2698 836 2765 legimus,
861 2716 943 2766 quem
967 2700 1163 2769 philosophum

179 2796 237 2832 non
251 2775 449 2830 contemnimus
463 2778 469 2829 Ι
510 2775 540 2828 N
541 2793 570 2828 ec
583 2793 648 2828 vero
661 2776 708 2828 ille
721 2776 750 2828 in
763 2776 824 2829 luce
837 2777 919 2830 modo
933 2782 1016 2846 atque
1030 2779 1060 2831 in
1074 2782 1163 2833 cerulis
1188 2775 1189 2814 Τ

180 2857 281 2910 civium
302 2872 426 2922 magnus,
443 2855 490 2906 sed
511 2855 587 2906 intus
601 2854 729 2922 domique
750 2856 930 2922 praestantior.
975 2855 1030 2919 Qui
1049 2863 1161 2912 sermo!
1188 2883 1189 2912 l

180 2952 243 3002 quae
262 2937 397 3000 praecepta
411 2936 416 2986 Ξ
439 2937 543 3000 quanta
556 2933 656 2985 notitia
669 2933 843 3001 antiquitatis
857 2937 863 2987 l
885 2951 947 3002 quae
960 2934 1074 2988 seientia
1089 2937 1163 3004 juris

180 3012 305 3080 augurii!
337 3011 437 3063 Multae
451 3012 542 3078 etiam,
558 3016 591 3064 ut
604 3012 633 3064 in
647 3012 757 3064 homine
770 3012 903 3079 Romano,
919 3013 1026 3068 litterae.
1060 3015 1163 3069 Omnia

181 3090 310 3144 memoria
322 3089 444 3155 tenebat,
456 3107 512 3142 non
526 3090 674 3143 domestica
687 3091 784 3157 solum,
796 3091 845 3143 aad
858 3092 941 3143 etiam
951 3095 1063 3144 externa
1076 3093 1158 3146 bella

181 3170 266 3237 Cujus
279 3183 402 3221 sermone
415 3168 455 3220 ita
467 3171 528 3220 tum
538 3169 636 3235 cupide
648 3169 766 3236 fruebar,
782 3169 860 3236 quasi
876 3169 935 3237 jam
949 3170 1101 3222 divinarem
1119 3173 1160 3238 id,

182 3249 257 3316 quod
269 3247 370 3312 evenit,
385 3246 434 3298 illo
447 3247 591 3313 exstincte,
606 3247 673 3314 fore,
689 3248 763 3300 unde
776 3248 915 3315 discerem,
930 3249 1075 3303 neminem.

221 3327 256 3380 V.
301 3328 345 3378 13.
371 3325 507 3386 Quorsum
520 3324 604 3391 igitur
615 3325 674 3378 haec
687 3329 746 3378 tam
758 3327 847 3379 multa
859 3326 894 3379 de
907 3326 1053 3380 Maximo?
1089 3328 1164 3392 Quia

184 3406 303 3474 profecto
316 3403 431 3477 videtis,
440 3403 517 3455 nefas
531 3421 588 3455 esse
601 3403 686 3474 dictu,
702 3405 828 3458 miseram
840 3405 924 3458 fuisse
937 3405 1021 3458 talem
1035 3412 1164 3460 senectu-

100 3527 104 3538 .
184 3489 246 3536 tem.
290 3482 319 3534 N
320 3499 350 3534 ec
363 3486 456 3534 tamen
469 3497 562 3534 omnes
575 3487 689 3548 possunt
703 3500 760 3536 esse
774 3483 910 3551 Scipiones
924 3488 972 3536 aut
986 3484 1115 3553 Maximi,
1128 3491 1165 3539 ut

184 3561 292 3614 urbium
305 3561 527 3628 expugnationes,
543 3565 576 3612 ut
595 3561 734 3628 pedestres
751 3562 895 3614 navalesve
913 3561 1027 3630 pirgnas,
1043 3566 1076 3614 ut
1090 3565 1167 3618 bella

183 3657 200 3691 a
213 3657 241 3691 se
255 3643 339 3706 gesta,
354 3643 387 3690 ut
400 3639 553 3706 triumphos
565 3639 748 3696 recordentur.
779 3639 830 3692 Est
850 3641 933 3693 etiam
946 3640 1039 3709 quiete
1052 3645 1081 3693 et
1094 3660 1166 3710 pure
1188 3647 1189 3654 ’

189 3723 267 3789 atque
280 3717 417 3786 eleganter
438 3721 506 3771 actae
520 3717 609 3772 aetatis
622 3718 728 3786 placida
746 3734 779 3772 ac
797 3717 866 3771 lenis
886 3723 1031 3774 senectus:
1052 3721 1168 3794 qualem
