2436 4164
494 278 628 320 neurus.
1017 267 1054 322 53

68 417 159 485 potius
186 436 220 470 ex
244 422 273 471 te
294 435 377 486 quam
403 423 433 472 te
454 419 620 472 afficeremus
643 419 700 471 ulla
720 419 851 471 molestia
896 419 955 472 Vos
978 437 1052 488 vero,

67 497 188 565 inquam,
204 499 307 564 Attice,
323 504 352 551 et
365 502 529 567 praesentem
542 516 586 550 me
600 516 665 550 cura
678 498 775 550 levatis
789 501 817 549 et
829 499 935 550 absenti
955 517 1055 567 magna

67 577 164 630 solatia
187 577 309 642 dedistis,
325 596 391 630 nam
412 578 509 630 vestris
536 579 655 645 primum
679 577 778 630 litteris
797 586 935 629 recreatus
954 594 998 630 me
1019 580 1054 635 ad

66 656 182 723 pristina
206 654 304 710 studia
330 657 462 710 revocavi.
507 657 577 709 Turn
591 657 645 722 ille,
663 657 738 722 Legi,
757 657 858 724 inquit,
879 657 1054 724 perlubenter

67 735 220 802 epistolam,
231 753 314 804 quam
327 737 362 788 ad
378 741 405 788 te
421 736 525 788 Brutus
544 736 619 788 misit
635 753 669 787 ex
680 736 755 801 Asia,
766 753 822 803 qua
836 736 904 787 mihi
918 736 993 788 visus
1012 741 1053 789 est

66 818 96 866 et
110 830 220 866 monere
235 820 264 867 te
274 817 427 887 prudenter
439 819 468 867 et
479 815 613 868 consolari
626 815 794 868 amicissime.
841 817 886 868 12.
906 815 1000 882 Recte,
1012 817 1053 867 in-

66 911 160 961 quam,
173 898 214 946 est
225 895 300 947 visus
314 915 321 960 ;
341 913 406 947 nam
419 911 463 946 me
477 895 537 947 istis
556 895 624 946 scito
637 894 737 946 litteris
751 911 786 946 ex
800 893 932 946 diuturna
945 901 1051 962 pertur-

66 972 177 1025 batione
203 975 290 1026 totius
322 974 489 1026 valetudinis
519 978 651 1041 tanquam
678 973 714 1026 ad
748 973 931 1040 aspiciendam
964 973 1053 1026 lucem

65 1069 125 1103 esse
147 1057 315 1106 revocatum.
355 1054 449 1121 Atque
462 1057 495 1104 ut
509 1058 572 1125 post
586 1053 756 1105 Cannensem
776 1052 851 1104 illam
870 1053 1054 1104 calamitatem

65 1132 186 1198 primum
220 1131 345 1185 Marcelli
371 1133 406 1185 ad
437 1132 538 1184 Nolam
571 1132 668 1200 proelio
701 1132 819 1199 populus
853 1149 880 1182 se
911 1131 1053 1184 Romanus

66 1211 164 1278 erexit,
193 1215 342 1279 posteaque
375 1229 509 1280 prosperae
539 1229 583 1264 res
610 1211 738 1278 deinceps
771 1211 867 1262 multae
901 1217 1053 1263 consecutae

66 1294 154 1343 sunt:
182 1290 220 1342 sic
243 1295 305 1358 post
328 1309 419 1343 rerum
441 1296 595 1342 nostrarum
618 1295 646 1342 et
673 1289 859 1342 communium
881 1290 1053 1356 gravissimos

66 1386 146 1420 casus
159 1369 231 1421 nibil
250 1375 314 1422 ante
328 1370 472 1438 epistolam
485 1370 567 1422 Bruti
580 1370 649 1421 mihi
666 1369 774 1434 accidit,
790 1369 865 1435 quod
880 1369 987 1433 vellem,
1004 1373 1053 1421 aut

67 1447 145 1515 quod
159 1449 252 1516 aliqua
271 1466 306 1501 ex
327 1453 404 1517 parte
426 1449 624 1502 sollicitudines
638 1448 768 1518 allevaret
788 1464 868 1500 meas.
915 1450 959 1500 13.
983 1447 1053 1499 Tum

66 1527 173 1580 Brutus
188 1547 194 1581 :
209 1527 294 1580 Volui
307 1528 337 1580 id
351 1528 462 1596 quidem
476 1529 579 1580 efficere
593 1531 674 1592 certe,
691 1530 719 1579 et
733 1525 810 1594 capio
829 1543 960 1593 magnum
980 1526 1051 1578 fruc-

65 1611 138 1673 tum,
161 1607 309 1676 siquidem
329 1607 403 1676 qnod
423 1607 500 1660 volni
519 1611 599 1659 tanta
617 1606 646 1658 in
667 1623 697 1657 re
720 1609 881 1658 consecutus
905 1621 984 1669 sum;
1005 1603 1053 1658 sed

65 1686 135 1738 scire
156 1687 246 1754 cupio,
272 1704 334 1754 quae
356 1691 384 1738 te
407 1687 496 1739 Attici
518 1686 617 1738 litterae
640 1684 842 1738 delectaverint.
887 1683 953 1736 Istae
976 1702 1050 1750 vero,

64 1765 192 1833 inquam,
207 1765 303 1832 Brute,
329 1784 384 1818 non
398 1765 480 1818 modo
498 1765 706 1818 delectationem
731 1763 808 1830 mibi,
834 1763 881 1815 sed
905 1763 997 1831 etiarn,
1020 1769 1053 1816 ut

65 1861 157 1912 spero,
183 1845 299 1898 salutern
322 1845 481 1898 studerunt.
528 1844 673 1897 Salutem?
693 1843 785 1912 inquit
808 1843 861 1896 ille.
907 1841 1053 1906 Quodnam

64 1923 180 1977 tandem
194 1941 279 1992 genus
292 1925 363 1976 istuc
376 1929 432 1976 tam
447 1924 607 1991 praeclarum
628 1923 783 1975 litterarum
802 1921 879 1974 luit?
918 1925 965 1974 An
984 1922 1053 1974 mihi

65 2003 170 2070 potuit,
186 2003 308 2071 inquam,
324 2021 382 2056 esse
396 2007 445 2056 aut
452 2003 555 2071 gratior
564 2003 622 2055 ulla
635 2002 765 2054 salutatio
775 2005 824 2053 aut
835 2001 870 2053 ad
881 1999 932 2053 hoc
942 2005 1051 2068 tempus

64 2081 157 2150 aptior
181 2099 264 2150 quam
284 2083 359 2135 illius
381 2082 455 2148 libri,
481 2098 536 2150 quo
557 2099 602 2133 me
625 2081 669 2133 hic
693 2081 792 2133 aflatus
816 2079 895 2146 quasi
914 2079 1053 2147 jacentem

65 2161 219 2214 excitavitl
259 2164 304 2214 14.
329 2163 399 2214 Tum
422 2161 478 2227 ille,
494 2161 601 2228 Nempe
625 2177 688 2212 enm
708 2157 784 2225 dicis,
805 2157 905 2224 inquit,
926 2174 980 2225 quo
1000 2158 1052 2210 iste

65 2257 177 2293 omnem
190 2258 283 2293 rerum
296 2241 453 2308 memoriam
467 2240 586 2292 breviter
600 2243 636 2307 et,
650 2242 682 2291 ut
695 2237 763 2289 mihi
777 2236 925 2327 quidem
898 2253 988 2288 visum
999 2242 1050 2304 est,

65 2320 263 2388 perdiligenter
284 2304 440 2387 complexus
464 2319 525 2372 estl
565 2280 687 2371 Istuin'
679 2333 778 2385 ipsum,
804 2316 927 2420 inquam,
953 2317 1049 2383 Brute,

65 2398 129 2451 dico
141 2399 244 2451 librum
258 2399 325 2450 mihi
338 2399 420 2450 saluti
433 2399 523 2451 fuisse

107 2477 159 2531 IV
202 2479 272 2530 Tum
296 2479 428 2532 Atticus:
456 2477 665 2544 Optatissimum
688 2475 757 2528 mibi
780 2475 892 2542 quidem
913 2479 954 2527 est
977 2475 1052 2543 quod

66 2557 135 2610 dicis
149 2577 156 2622 ;
170 2557 218 2608 sed
232 2557 300 2624 quid
313 2558 425 2609 taudem
439 2557 536 2610 habuit
549 2557 618 2608 liber
630 2556 692 2621 iste,
715 2554 788 2622 quod
808 2554 861 2606 tibi
881 2557 930 2606 aut
949 2571 1052 2606 novum

66 2640 210 2688 auttanto
224 2636 287 2688 usui
306 2640 396 2703 posset
416 2635 495 2688 essel
537 2637 581 2688 15.
607 2634 659 2686 Ille
683 2651 748 2686 vero
770 2637 798 2684 et
821 2650 900 2698 nova,
927 2633 1048 2700 inquam,

66 2715 137 2768 milri
150 2715 262 2783 quidem
282 2715 371 2767 multa
390 2719 419 2767 et
443 2732 503 2767 eam
526 2714 685 2780 utilitatem,
710 2729 793 2780 quam
816 2711 996 2780 requirebam,
1020 2716 1052 2763 ut

66 2793 210 2862 explicatis
224 2794 365 2847 ordinibus
377 2799 532 2862 temporum
546 2810 602 2846 uno
615 2793 645 2844 in
659 2794 805 2860 conspectu
819 2790 910 2842 omnia
920 2790 1049 2844 viderem.

5 2931 6 2936 Ἰ
67 2873 137 2936 Quae
151 2891 214 2926 cum
227 2872 349 2926 studiose
362 2877 479 2926 tractare
493 2872 641 2944 coepissem,
657 2871 716 2939 ipsa
737 2869 805 2921 inihi
828 2868 956 2921 tractatio
979 2869 1052 2922 litte·

66 2969 162 3005 rarum
175 2952 302 3005 salutaris
315 2953 369 3004 fuit
383 2952 589 3019 admonuitque,
607 2949 752 3018 Pomponi,
767 2953 800 3001 ut
813 2966 830 3001 a
843 2952 872 3000 te
885 2948 944 3016 ipso
965 2965 1052 3002 sume-

66 3049 126 3083 rem
140 3031 245 3098 aliquid
267 3031 364 3084 adme
388 3031 561 3083 reficiendum
586 3034 670 3098 teque
691 3027 930 3094 remunerandum,
953 3027 976 3080 si
996 3045 1052 3080 non

66 3111 136 3178 pan',
166 3116 195 3164 at
222 3115 299 3177 grato
326 3114 419 3162 tamen
442 3127 576 3163 munere:
610 3125 768 3176 quanquam
791 3107 861 3159 illud
890 3106 1052 3159 Hesiodium

18 3225 21 3232 ·
66 3189 199 3242 laudatur
225 3207 242 3242 a
265 3189 361 3256 doctis,
388 3189 462 3258 quod
480 3189 575 3241 cariem
596 3204 723 3240 mensura
752 3186 865 3238 reddere
884 3185 973 3253 jubet,
998 3201 1053 3253 qna

67 3269 212 3337 acceperis,
238 3273 287 3321 aut
310 3269 393 3322 etiam
415 3268 602 3331 cumulatiore,
626 3267 649 3318 si
675 3265 767 3334 possis.
814 3267 858 3318 16.
882 3264 940 3331 Ego
960 3267 1053 3316 autem

67 3349 242 3401 voluntatem
255 3348 308 3400 tibi
320 3349 442 3416 profecto
456 3347 577 3411 emetiar,
600 3346 648 3398 sed
661 3363 719 3398 rem
733 3345 819 3412 ipsam
839 3343 961 3396 nondum
975 3359 1053 3410 posse

70 3428 183 3492 vide0r;
203 3427 287 3495 idque
300 3431 333 3480 ut
346 3427 468 3494 ignoscas
481 3445 498 3478 a
511 3431 539 3478 te
560 3430 629 3493 pete.
675 3424 735 3476 Nec
759 3423 831 3475 enim
854 3437 888 3475 ex
910 3421 997 3487 novis,

69 3507 196 3574 agricolae
210 3507 310 3576 solent,
324 3506 460 3559 fructibus
473 3511 524 3572 est,
540 3504 614 3557 unde
624 3504 676 3556 tibi
696 3503 809 3555 reddam
829 3500 904 3569 quod
924 3517 999 3568 acces

69 3586 108 3638 sic
121 3586 211 3638 omnis
223 3586 298 3638 fetus
311 3603 455 3654 repressus,
474 3591 642 3650 exustasque
663 3583 713 3634 flos
733 3581 780 3633 siti
800 3580 899 3633 veteris
920 3580 985 3632 uber

69 3665 198 3728 exaruit;
221 3682 272 3718 nec
292 3683 326 3717 ex
347 3665 475 3730 conditis,
501 3664 550 3732 qui
570 3664 662 3731 jacent
685 3662 715 3714 in
739 3659 859 3712 tenebris
881 3663 909 3711 et
929 3659 965 3712 ad

69 3745 159 3796 omnis
183 3743 261 3796 nobis
288 3745 389 3812 aditus,
419 3744 468 3812 qui
494 3761 572 3811 paene
599 3741 663 3794 solis
689 3739 790 3809 patuit,
820 3739 976 3792 obstructus
