2456 4162
538 323 670 365 neurus.
1030 309 1086 366 107

102 459 181 526 situs,
196 464 385 516 revertamur:
406 462 455 530 qui
468 467 560 515 orator
582 463 636 515 fuit
658 480 720 516 oum
741 463 840 516 litteris
860 464 992 517 eruditior
1005 481 1087 532 quam

103 538 194 606 Ourio,
219 543 281 592 tum
304 540 386 593 etiam
409 543 561 594 accuratius
583 542 723 610 quoddam
743 543 853 596 dicendi
873 548 902 596 et
925 544 1088 612 exquisitius

103 618 233 670 afferebat
246 635 352 685 genus3
373 620 447 686 quod
466 637 623 689 quenquam
644 621 761 674 scienter
784 623 975 690 eleganterque
988 627 1086 675 tracta·

104 696 162 763 bat,
185 697 303 749 nimium
323 703 417 750 tamen
440 699 581 766 inquirens
594 701 623 752 in
638 717 676 766 se,
691 704 775 769 atque
789 701 846 768 ipsc
870 719 927 753 sese
942 703 1087 754 observans
1190 755 1191 762 ,

103 779 283 845 metuensque
306 794 341 829 ne
357 777 485 830 vitiosum
498 779 645 846 colligeret,
661 780 743 832 etiam
757 797 853 832 verum
867 781 1028 848 sanguinem
1041 781 1087 832 de-

102 854 241 922 perdebat.
286 855 385 924 Itaque
398 857 458 924 ejus
471 858 558 910 oratic
575 858 659 910 nimia
678 859 808 926 religione
830 864 983 926 attenuata,
999 860 1087 912 doctis

7 967 8 974 κ
103 937 133 987 et
146 938 253 988 attente
266 935 440 988 audientibus
464 941 522 989 erat
544 937 668 1004 illustris,
684 955 701 990 a
723 938 902 991 multitudine
924 943 1016 991 autem
1030 943 1058 990 et
1071 955 1088 990 a

102 1013 171 1079 foro,
188 1013 232 1066 cui
245 1018 310 1066 nata
322 1014 479 1082 eloquentia
495 1020 545 1082 est,
566 1016 753 1070 devorabatur.
799 1019 864 1070 284.
888 1017 958 1069 Tum
971 1017 1085 1081 Brutus,

93 1087 222 1144 Atticum
239 1109 278 1156 se,
291 1092 392 1162 inquit,
412 1095 516 1151 Oalvus
533 1101 629 1151 noster
646 1097 701 1152 diei
717 1102 858 1153 oratorem
870 1101 999 1156 volebat:
1019 1102 1085 1156 inde

92 1171 154 1253 erat
162 1167 217 1222 ista
226 1169 347 1234 exilitas
359 1189 445 1240 quam
453 1172 502 1226 ille
510 1174 543 1227 de
552 1174 693 1229 industria
700 1178 932 1246 consequebatur.
953 1179 1082 1246 Dicebat,

91 1261 219 1314 mquam,
232 1246 288 1312 ita3
310 1249 359 1302 sed
375 1249 474 1319 etipse
486 1253 597 1306 errabat
615 1256 643 1306 et
655 1253 725 1307 alios
737 1255 823 1308 etiam
841 1273 934 1310 errare
953 1259 1080 1327 cogebat.

91 1321 169 1375 Nam
181 1323 205 1376 si
217 1324 280 1392 quie
292 1342 347 1390 eos,
362 1325 412 1396 qui
429 1345 481 1382 neo
493 1327 587 1398 inepte
599 1330 706 1394 dicunt,
720 1349 772 1385 noc
791 1331 894 1398 odiose,
908 1351 960 1388 nec
972 1335 1079 1404 putide,

90 1399 186 1454 Attice
193 1405 276 1470 putat
287 1402 419 1468 dicere‚is
430 1408 513 1468 recte,
522 1407 592 1460 nisis
599 1407 735 1472 Atticum,
745 1409 1003 1477 probetneminem.
1032 1414 1083 1467 In-

93 1481 248 1534 sulsitatem
272 1483 345 1534 enim
368 1487 397 1535 et
416 1483 599 1551 insolentiam,
624 1488 756 1552 tanquam
777 1485 911 1538 insaniam
939 1485 1078 1552 quandam

92 1558 225 1614 orationis
235 1561 303 1626 odit,
314 1562 461 1614 sanitatem
469 1567 562 1616 autem
575 1567 603 1615 et
617 1563 812 1630 integritatem,
828 1565 907 1632 quasi
919 1564 1077 1632 religionem

94 1645 124 1692 et
137 1640 330 1692 verecundiam
342 1641 457 1694 oratoris
469 1642 573 1709 probat.
625 1641 695 1695 Haec
708 1642 830 1695 omnium
844 1643 926 1696 debet
939 1647 1078 1696 oratorum

94 1719 190 1772 eadem
203 1736 260 1772 esse
274 1720 416 1774 sententia
443 1723 507 1774 285.
522 1721 571 1773 Sin
579 1725 672 1774 autem
681 1721 867 1790 jejunitatem,
878 1726 906 1774 et
917 1722 1075 1790 siccitatem,

93 1801 124 1850 et
137 1797 267 1866 inopiam,
284 1799 351 1851 dum
363 1799 445 1852 modo
459 1800 496 1852 sit
509 1801 602 1868 polita,
620 1801 687 1854 dum
700 1801 815 1868 urbana,
831 1801 899 1853 dum
913 1802 1031 1868 elegans,
1046 1801 1077 1854 in

94 1877 190 1930 Attico
212 1894 310 1944 genere
331 1878 418 1946 ponit,
440 1879 493 1931 hoc
515 1884 589 1932 recte
612 1880 747 1932 duntaxat
774 1881 845 1946 ;sed
868 1880 934 1949 quia
955 1884 1021 1932 sunt
1047 1880 1077 1932 in

94 1957 196 2010 Atticis
208 1957 263 2010 alia
275 1957 394 2025 meliora,
410 1957 504 2011 videat
517 1976 552 2011 ne
565 1959 672 2027 ignoret
694 1963 723 2012 et
738 1959 849 2026 gradus,
865 1965 894 2012 et
907 1959 1077 2012 dissimilitu-

95 2036 182 2102 dines,
208 2040 237 2088 et
261 2036 326 2103 vim,
342 2041 371 2088 et
393 2037 554 2090 varietatem
578 2035 741 2091 Atticorum
789 2038 953 2104 “Atticos,”
975 2037 1076 2106 inquit,

97 2115 116 2144 “
127 2115 191 2168 volo
204 2115 312 2169 imitari
317 2116 334 2142 ''
377 2115 471 2180 Quosl
490 2133 541 2169 neo
553 2117 627 2169 eninr
636 2120 678 2168 est
691 2135 778 2170 unum
788 2134 881 2184 genus.
925 2117 999 2168 Nam
1010 2116 1078 2184 quid

94 2198 137 2248 est
149 2199 209 2246 tam
221 2194 360 2262 dissimile,
376 2212 460 2262 quam
477 2195 674 2248 Demosthenes
696 2200 724 2248 et
746 2196 861 2262 Lysias?
891 2213 973 2263 quam
994 2195 1078 2247 iidem

94 2277 122 2326 et
136 2273 314 2341 Hyperides?
334 2291 417 2341 quam
429 2274 528 2327 horum
549 2275 671 2326 omnium
685 2273 852 2326 AEschinesi
891 2275 979 2337 Quem
992 2273 1077 2342 igitur

92 2352 229 2406 imitaris?
250 2352 279 2405 Si
289 2352 418 2420 aliquem,
430 2353 584 2421 oeteriergo
598 2354 691 2406 Attice
702 2371 758 2405 non
768 2353 896 2406 dicebant
909 2373 917 2417 ;
931 2353 954 2406 si
967 2370 1075 2407 omnes:

92 2435 143 2500 qui
155 2436 241 2498 potes,
259 2448 321 2484 cum
341 2424 397 2484 sint
419 2431 472 2500 ipsi
492 2432 666 2486 dissimillimi
682 2432 756 2484 inter
778 2432 828 2485 sei
868 2433 903 2484 In
926 2449 980 2500 quo
1006 2433 1078 2485 illud

92 2511 178 2562 etiam
192 2527 294 2578 quaero,
310 2510 458 2563 Phalereus
475 2511 522 2563 ille
546 2511 701 2564 Demetrius
714 2511 842 2564 Atticene
856 2511 977 2564 dixeriti
1005 2511 1078 2564 Mihi

92 2589 207 2658 quidem
220 2606 255 2641 ex
268 2589 342 2641 illius
355 2590 523 2642 orationibus
536 2590 657 2643 redolere
669 2591 735 2658 ipsae
745 2591 862 2642 Athena
875 2590 1012 2643 videntur.
1038 2591 1078 2642 At

92 2672 137 2721 est
160 2668 290 2734 floridior,
315 2672 348 2720 ut
371 2668 412 2720 ita
435 2669 533 2735 dicam,
560 2686 642 2736 quam
668 2669 832 2736 Hyperides,
856 2686 939 2736 quam
963 2669 1077 2736 Lysias:

92 2750 194 2800 natura
208 2747 335 2814 quaedam
347 2751 397 2800 aut
410 2747 538 2801 voluntas
551 2748 591 2800 ita
604 2747 713 2800 dicendi
725 2747 786 2800 fuit.

136 2825 302 2878 LXXXIII.
349 2827 413 2880 286.
437 2826 475 2878 Et
488 2826 599 2894 quidem
612 2825 668 2880 duo
680 2827 794 2879 fuerunt
812 2843 861 2893 per
873 2825 947 2878 idem
967 2830 1076 2894 tempus

8 2949 9 2986 ,
93 2903 239 2958 dissimiles
259 2904 332 2956 inter
346 2923 382 2971 se,
399 2905 447 2958 sed
465 2905 552 2958 Attici
572 2909 688 2969 tamem
709 2921 826 2973 quorum
844 2904 984 2958 Charisius
1005 2906 1076 2958 mul·

92 2987 186 3036 tarum
209 2979 372 3050 orationum,
395 3001 463 3052 quas
485 2983 619 3036 scribebat
640 2983 709 3050 aliis,
732 3000 795 3036 oum
816 2999 913 3050 cupere
937 2984 1077 3038 videretur

7 3079 8 3096 ¹
93 3061 198 3114 imitari
231 3062 363 3130 Lysiam3
396 3063 577 3116 Demochares
604 3066 704 3129 autem,
736 3063 784 3130 qui
817 3063 872 3115 fuit
898 3063 1077 3115 Demostheni

93 3141 194 3194 sororis
215 3142 297 3207 filius,
313 3145 342 3194 et
355 3141 490 3194 orationes
511 3142 619 3210 scripsit
633 3141 739 3210 aliquot
760 3146 789 3194 et
805 3158 899 3194 earum
912 3159 1003 3194 rerum
1023 3142 1076 3194 his·

94 3220 204 3286 terim,
220 3236 282 3287 quac
304 3225 383 3272 erant
403 3220 521 3272 Athenis
542 3221 626 3290 ipsius
648 3225 730 3274 aetate
751 3224 844 3288 gestae,
866 3237 923 3272 non
944 3224 1002 3272 tem
1023 3220 1078 3271 his-

94 3299 192 3365 torico,
218 3315 301 3366 quam
328 3299 444 3352 oratorio
474 3316 572 3367 genere
602 3299 763 3367 perscripsit.
807 3299 849 3352 Ac
875 3297 990 3350 Oharisii
1016 3298 1078 3351 vult

96 3375 228 3444 Hegesias
241 3394 299 3429 esse
312 3377 414 3444 similis,
431 3378 508 3446 isque
522 3395 550 3430 se
573 3379 613 3430 ita
630 3383 712 3446 putat
724 3378 859 3439 Atticum,
875 3381 907 3428 ut
921 3394 999 3430 veros
1016 3377 1079 3430 illos

95 3472 153 3525 prae
175 3473 203 3508 se
223 3472 302 3524 paene
319 3460 437 3524 agrestes
449 3460 536 3524 putet.
582 3455 647 3514 287.
670 3457 709 3509 At
723 3456 791 3524 quid
810 3460 852 3508 est
871 3459 930 3508 tam
949 3457 1076 3522 fractum,

96 3539 155 3587 tam
174 3534 323 3602 minutum,
339 3540 397 3588 tam
410 3535 441 3588 in
452 3535 520 3603 ipsa,
536 3552 619 3604 quam
632 3539 726 3588 tamen
740 3534 924 3602 consequitur,
941 3534 1078 3587 concinni-

96 3617 156 3666 tate
175 3614 302 3681 puerile?
345 3611 530 3667 “Atticorum
550 3614 652 3666 similes
671 3631 729 3666 esse
751 3613 907 3666 volumus.''
947 3612 1079 3681 Optime;

97 3696 199 3744 suntne
222 3693 308 3760 igitur
320 3692 350 3745 hi
362 3693 450 3745 Attici
470 3693 611 3746 oratores?
631 3692 692 3761 quis
713 3709 811 3760 negare
832 3692 938 3760 potasti
988 3693 1007 3721 ‘⁴
1019 3691 1079 3745 Hos

97 3771 265 3824 imitamur.”
306 3774 367 3839 Quo
393 3771 484 3837 modo,
513 3771 562 3840 qui
588 3776 653 3824 sunt
679 3775 708 3824 eb
733 3771 806 3824 inter
832 3787 861 3824 se
880 3770 1025 3826 dissimiles
1049 3779 1080 3825 et
