2456 4162
152 252 191 308 98
468 269 503 310 ιι.
525 269 636 310 runnu
657 267 825 310 c1oan01s1s

151 406 270 538 {affinem
302 409 447 462 manifesto
480 409 665 478 deprehensus
700 426 796 478 peenas
826 409 933 476 legibue
964 413 994 462 et
1029 409 1142 478 judicio

171 486 277 539 e'seet.

191 565 295 620 LXIX
342 567 406 619 242.
431 567 666 636 Eodemtempore
675 569 716 636 0.,
730 568 761 623 L.
776 567 891 636 Caepasii
901 569 1134 633 hahesfuerunt,
1220 607 1221 614 ,

152 645 200 712 qui
213 646 302 698 multa
316 663 404 713 opera,
421 646 508 714 ignoti
521 646 645 700 homines
652 652 681 700 et
690 647 837 715 repentini,
851 649 1001 715 quaestores
1011 645 1137 699 celeriter

152 716 218 775 facti
244 729 310 777 sunt
337 725 474 792 oppidano
501 725 630 794 quodam,
659 731 688 779 et
714 726 858 780 incondito
884 743 982 794 genere
1010 724 1129 779 dicendi

153 803 297 856 Addamus
306 804 360 856 huc
374 804 467 871 etiam,
483 821 518 856 ne
533 822 616 873 quem
629 806 751 858 vocalem
766 805 919 874 praeterisse
933 805 1085 868 videamur,
1101 803 1130 858 0.

153 881 313 935 Cosconium
327 882 507 950 Calidianum,
518 883 567 951 qui
580 884 658 936 nullo
671 885 796 938 acumine
810 901 870 936 eam
880 888 973 938 tamen
987 884 1135 937 verborum

152 960 266 1028 copiam,
282 961 401 1029 siquam
414 963 541 1030 habebat,
554 963 694 1031 praebebat
707 964 809 1032 populo
830 980 893 1016 cum
912 963 1002 1016 multa
1021 979 1133 1016 concur·

151 1040 257 1092 satione
279 1057 432 1108 magnoque
454 1042 578 1095 clamore.
623 1041 704 1106 Quod
726 1043 801 1095 idem
823 1042 943 1095 faciebat
963 1041 994 1104 Q.
1020 1043 1128 1108 Arrius,

151 1119 200 1186 qui
221 1119 276 1172 fuit
299 1119 338 1172 M.
365 1119 453 1173 Crassi
475 1121 554 1189 quasi
576 1122 763 1175 secundarum
808 1121 837 1174 Is
859 1121 986 1174 omnibus
1006 1121 1132 1188 exemplo
1220 1189 1221 1196 ἵ

151 1199 235 1250 debet
258 1215 325 1266 esso,
349 1203 486 1267 quantum
508 1201 538 1252 in
561 1200 613 1252 hac
636 1201 703 1253 urbe
724 1201 827 1268 polleat
847 1201 999 1252 multorum
1022 1200 1132 1255 obedire

150 1277 277 1346 tempori,
292 1279 497 1347 multorumque
516 1280 560 1332 vel
578 1280 744 1347 honori,vel
764 1280 885 1348 periculo
907 1279 1015 1333 servire.
1062 1282 1131 1335 243.

150 1355 204 1408 His
217 1357 291 1409 enim
303 1358 384 1410 rebus
404 1359 499 1410 infimo
522 1359 582 1411 loco
603 1363 685 1412 natus
707 1363 735 1412 et
755 1359 880 1424 honores,
893 1363 922 1410 et
935 1359 1087 1426 pecuniam,
1103 1366 1133 1413 et

150 1436 266 1503 gratiam
289 1441 450 1490 consecutus
474 1438 557 1490 etiam
580 1438 610 1490 in
623 1438 901 1506 patronorum—siue
920 1437 1056 1504 doctrina,
1073 1439 1133 1492 sine

149 1515 416 1584 ingenio-aliquem
426 1533 571 1570 numerum
584 1521 750 1584 pervenerat.
794 1517 848 1570 Sed
861 1521 894 1570 ut
908 1517 1012 1584 pugiles
1025 1517 1132 1572 inexer-

150 1595 236 1662 citati,
254 1595 370 1648 etiamsi
383 1613 489 1664 pugnos
503 1601 532 1649 et
545 1597 645 1665 plegae,
664 1596 854 1666 Olympiorum
867 1595 967 1664 cupidi,
984 1595 1056 1648 serre
1069 1615 1131 1665 pos·

149 1677 223 1741 sunt,
240 1675 324 1726 solem
337 1679 430 1727 tamen
451 1691 522 1743 saepe
540 1677 609 1728 ferre
630 1693 685 1728 non
705 1680 829 1744 possunt,
845 1675 952 1742 sicilie,
968 1691 1031 1728 cum
1055 1679 1133 1730 omni
1220 1709 1221 1722 ι

146 1753 205 1820 jam
218 1755 329 1805 fortuna
342 1770 468 1821 prospere
482 1755 604 1821 fundus,
619 1755 726 1808 labores
739 1754 822 1807 etiam
842 1771 955 1822 magnos
968 1755 1130 1824 excepisset,

149 1832 223 1884 illius
233 1832 374 1900 judicialis
389 1833 455 1884 anni
468 1833 651 1900 severitatem,
668 1833 746 1902 quasi
759 1835 853 1900 solem,
869 1851 926 1887 non
940 1833 1014 1886 tulit

191 1913 255 1966 244.
280 1911 350 1964 Tum
364 1911 483 1979 Atticus,
499 1912 541 1964 'Pu
552 1912 663 1980 quidem
676 1913 711 1966 de
724 1914 799 1980 faece,
815 1913 916 1981 inquit,
932 1911 1033 1980 hauris,
1046 1913 1132 1982 idque

146 1990 333 2058 jamdudum,
349 1992 397 2044 sed
409 1992 532 2044 tacebam
544 2011 551 2056 ;
571 1992 623 2045 hoc
637 2009 770 2044 veronen
789 1992 930 2060 putabam,
946 1995 974 2044 te
994 1995 1133 2060 usquead

150 2069 273 2124 Staienos
295 2075 323 2123 et
350 2071 500 2124 Autronios
526 2089 583 2124 csse
610 2075 766 2125 venturum.
809 2071 876 2123 Non
899 2074 976 2139 puto,
1005 2071 1131 2140 inquam,

149 2149 305 2202 existimare
331 2156 360 2202 te
387 2151 535 2204 ambitione
561 2169 606 2204 me
631 2151 697 2217 labi,
726 2151 827 2218 quippe
855 2150 890 2202 da
916 2149 1053 2213 mortuis;
1082 2153 1133 2204 sed

149 2229 273 2281 ordinem
301 2247 417 2296 sequens
436 2230 466 2282 in
485 2231 643 2282 memoriam
663 2234 758 2282 notam
778 2234 806 2282 et
826 2229 960 2296 aequalem
981 2231 1134 2284 necessario

148 2307 264 2361 incurro.
317 2308 389 2360 Volo
409 2316 502 2360 autem
522 2309 573 2362 hoc
593 2309 716 2376 perspici,
740 2307 868 2361 omnibus
888 2307 1057 2374 conquisitis,
1082 2311 1134 2376 qui

148 2386 178 2438 in
198 2387 376 2439 multitudine
397 2387 485 2439 dicere
505 2389 564 2440 ausi
584 2388 646 2453 sint,
670 2388 801 2440 memoria
823 2381 935 2454 quidem
955 2386 1052 2454 dignos
1071 2405 1133 2456 per·

149 2482 257 2532 paucos,
281 2483 375 2518 verum
399 2466 447 2532 qui
470 2467 581 2518 omnino
602 2483 702 2518 nomen
723 2466 870 2532 habuerint
887 2483 943 2518 non
964 2466 1005 2518 ita
1028 2467 1134 2520 multos

148 2543 238 2596 fuisse.
283 2543 336 2596 Sed
350 2544 386 2596 ad
398 2561 549 2596 sermonem
561 2545 721 2598 institutum
733 2549 907 2598 revertamur.

189 2623 277 2677 LXX.
323 2626 387 2676 245.
412 2623 440 2676 Τ.
466 2624 618 2692 Torquatus
639 2625 666 2677 T.
685 2625 715 2678 F.
734 2628 762 2676 et
782 2625 880 2677 doctus
900 2623 943 2676 vir
965 2641 1000 2676 ex
1021 2623 1134 2678 Rhodia

149 2702 292 2770 disciplina
305 2703 424 2755 Molonis
438 2707 466 2755 et
480 2721 496 2755 a
509 2708 608 2756 natura
621 2703 656 2756 ad
670 2703 817 2756 dicendum
840 2703 906 2754 satis
919 2703 1025 2756 solutus
1045 2707 1133 2771 atque

149 2783 303 2849 expeditus,
325 2783 369 2834 cui
389 2781 412 2834 si
431 2782 490 2834 vita
509 2782 746 2850 suppeditavisset,
768 2782 876 2834 sublato
896 2781 1011 2848 ambitu,
1034 2783 1133 2834 consul

149 2861 239 2912 faetus
263 2865 342 2926 esset,
358 2861 420 2928 plus
442 2861 581 2914 facultatis
602 2861 699 2913 habuit
719 2861 755 2913 ad
775 2861 921 2916 dicendum
935 2877 1018 2928 quam
1032 2861 1129 2914 volun·

149 2940 223 2992 tatis.
268 2939 366 3006 Itaque
390 2941 481 2992 studio
504 2940 568 2992 huic
589 2957 645 2992 non
667 2939 807 3006 satisfecit,
831 2939 918 2992 officio
943 2957 1007 2991 vero
1024 2956 1075 2992 uec
1099 2940 1130 2992 in

150 3035 261 3070 sucrum
274 3019 485 3070 necessariorum
499 3020 585 3071 causis
598 3037 648 3071 nec
668 3019 698 3070 in
718 3019 855 3071 sententia
874 3019 1012 3071 senatoria
1025 3019 1130 3072 defuit.

151 3100 216 3150 246.
261 3097 352 3149 Etiam
371 3097 410 3150 M.
433 3097 586 3163 Pontidius,
608 3098 748 3165 municeps
770 3101 864 3150 noster
884 3098 986 3150 multas
1006 3096 1132 3165 privatas

150 3194 244 3230 causas
257 3176 392 3242 actitavit,
402 3176 524 3228 celeriter
537 3194 601 3229 sane
614 3177 697 3229 verba
707 3177 820 3229 volvens
832 3193 883 3229 nec
895 3177 978 3228 hebes
987 3175 1128 3250 inlcausis,

149 3256 194 3308 vel
217 3256 305 3311 dicam
327 3257 388 3322 plus
409 3256 492 3307 etiam
516 3273 598 3324 quam
624 3273 681 3308 uon
704 3255 796 3322 hebes,
821 3255 870 3308 sed
895 3256 1071 3308 effervescens
1099 3255 1132 3308 in

150 3335 265 3388 dicendo
278 3335 416 3387 stomacho
430 3351 502 3402 saepe
515 3336 707 3403 iracundiaque
725 3334 932 3404 vehementius:
952 3337 985 3386 ut
998 3351 1054 3386 non
1064 3349 1132 3387 cum

150 3414 303 3467 adversario
322 3415 420 3481 solum,
442 3413 490 3466 sed
510 3414 603 3481 etiam,
626 3414 700 3482 quod
720 3413 842 3466 mirabile
856 3417 935 3480 esset,
951 3429 1014 3464 oum
1032 3411 1132 3480 judice

149 3494 217 3560 ipso,
233 3493 311 3560 cujus
324 3493 453 3546 delinitor
465 3510 523 3546 esse
535 3493 617 3546 debet
630 3499 729 3559 orator,
742 3491 833 3560 jurgio
847 3509 918 3559 saepe
937 3491 1127 3545 contenderet

151 3571 190 3623 M.
210 3572 344 3639 Messalla,
361 3573 451 3625 minor
460 3577 529 3624 natu
543 3589 625 3640 quam
638 3589 697 3637 nos,
712 3572 790 3624 nullo
803 3571 886 3623 modo
904 3571 992 3638 inops,
1008 3570 1057 3622 sed
1070 3587 1132 3623 non

158 3650 231 3701 aimis
251 3656 362 3702 ornatur
381 3668 478 3718 genere
494 3651 656 3714 verborum;
677 3649 806 3716 prudens,
828 3654 935 3716 acutus,
960 3649 1073 3700 minime
1086 3651 1132 3702 in·

182 3731 248 3780 utus
260 3733 401 3799 patronus,
411 3731 440 3782 in
451 3728 537 3782 carnis
544 3727 734 3797 cognoscendis
742 3727 988 3797 componendisque
998 3727 1131 3798 diligens,
