2436 4164
152 219 190 271 11
245 267 251 274 .
467 232 500 272 n.
523 231 633 273 1111111
653 229 820 274 1111111111

150 371 266 439 Ennius,
290 377 352 440 post
374 373 483 426 Roman
504 373 643 426 conditam
664 375 758 424 autem
779 371 982 440 quartodecimo
1004 377 1033 426 et
1057 375 1135 442 quin-

149 451 309 520 gentesimo,
331 457 365 506 ut
391 453 436 506 hic
457 453 504 520 ait,
528 469 610 520 quem
633 469 683 504 nos
706 452 852 520 sequimur.
897 451 947 504 Est
969 453 1043 505 enim
1064 453 1135 507 inter

149 530 292 597 scriptores
316 532 351 584 de
371 549 486 584 numero
506 549 641 583 annorum
661 531 851 584 controversia
894 531 994 583 Accius
1013 537 1135 588 autema

149 607 180 672 Q.
199 608 323 664 Maximo
344 613 474 680 quintum
497 611 606 663 consule
628 615 739 678 captum
753 611 870 662 Tarento
884 610 991 678 scripsit
1013 611 1130 680 Livium,

148 691 227 742 aunis
244 706 306 742 xxx
327 696 390 758 post
411 707 494 758 quam
514 707 578 742 eum
591 689 713 741 fabulam
721 689 850 741 docuisse
864 694 892 741 et
906 689 1017 742 Atticus
1039 691 1132 744 scribit

148 771 176 820 11
203 786 254 821 uos
280 770 309 821 in
331 769 453 837 antiquis
479 767 679 822 commentariis
706 768 870 835 invenimus,
894 768 1016 822 docuisse
1040 775 1132 824 autern

148 847 269 900 fabulam
295 849 374 901 annis
401 852 463 915 post
489 863 531 913 xi,
555 847 575 898 0
606 847 740 913 Cornelio,
763 845 794 910 Q.
813 847 938 900 Minucio
965 849 1129 918 consulibus,

147 925 220 977 ludis
241 927 402 980 luventatis
426 944 494 995 quos
519 926 655 978 Salinator
675 925 789 978 Senensi
809 926 906 994 proelio
930 932 1050 982 voverat.
1095 929 1130 982 In

147 1020 202 1071 quo
216 1009 311 1058 tantus
324 1023 398 1058 error
412 1005 487 1058 Accii
499 1005 560 1071 fuit,
575 1009 607 1057 ut
621 1005 664 1058 his
677 1006 833 1058 consulibus
847 1021 929 1058 xxxx
942 1024 1029 1060 annos
1050 1013 1131 1062 natus

146 1083 252 1136 Ennius
265 1084 349 1136 fuerit
361 1104 368 1148 ;
388 1085 434 1136 cui
446 1084 470 1136 si
483 1084 595 1152 aequalis
608 1085 692 1137 fuerit
706 1084 809 1152 Livius,
819 1086 909 1138 minor
921 1085 976 1138 fuit
989 1086 1131 1154 aliquanto

146 1163 177 1226 is,
194 1162 242 1229 qui
265 1163 369 1230 primus
389 1164 512 1216 fabulam
530 1164 616 1231 dedit,
632 1181 715 1233 quam
735 1164 765 1231 ii,
788 1164 836 1232 qui
859 1165 961 1218 multas
981 1165 1131 1221 docuerant

145 1253 209 1292 ante
223 1241 273 1293 hos
286 1244 419 1309 consules,
436 1247 464 1296 et
478 1243 595 1296 Plautus
609 1248 637 1296 et
652 1243 772 1296 Naevius.

185 1319 266 1374 XIX
300 1319 344 1379 74.
371 1323 440 1376 Haec
455 1324 478 1376 si
491 1323 583 1376 minus
596 1327 661 1391 apta
675 1323 804 1376 videntur
813 1323 877 1377 hnic
891 1325 1018 1392 sermoni,
1030 1325 1125 1394 Brute,

145 1400 240 1453 Attico
264 1403 379 1470 assigna,
396 1403 445 1470 qui
466 1420 509 1455 me
523 1402 703 1456 inflammavit
717 1403 809 1456 studio
822 1403 972 1456 illustrium
986 1405 1128 1458 hominum

144 1483 240 1533 estates
263 1486 292 1534 11
313 1487 437 1551 tempora
459 1482 646 1550 persequendi.
691 1482 749 1550 Ego
766 1499 838 1548 vero,
856 1483 947 1550 inquit
971 1484 1083 1552 Brutus,
1100 1491 1129 1538 11
1212 1487 1213 1492 ’

144 1559 264 1613 delector
277 1561 331 1615 ista
344 1562 423 1631 quasi
436 1561 578 1614 notatione
591 1565 745 1629 temporum
759 1566 787 1614 et
797 1563 833 1614 ad
843 1562 870 1614 id
883 1563 957 1630 quod
970 1563 1125 1631 instituisti,

144 1643 283 1692 oratorum
304 1659 403 1710 genera
424 1641 592 1709 distinguere
616 1641 754 1709 aetatibus,
774 1641 854 1694 istam
876 1641 1046 1709 diligentiam
1070 1661 1128 1696 esse

143 1721 375 1774 accommodatam
396 1725 471 1788 puto.
521 1720 565 1778 75.
597 1721 691 1786 Recte,
718 1721 840 1788 inquam,
865 1721 958 1786 Brute,
985 1722 1123 1792 intelligis.

143 1799 237 1865 Atque
263 1799 367 1852 utinam
384 1803 523 1852 exstarent
544 1799 592 1852 illa
610 1800 739 1866 carmina,
754 1817 816 1867 qnae
838 1801 932 1852 multis
955 1802 1041 1854 saeclis
1062 1808 1128 1856 ante

143 1893 221 1930 suam
244 1883 355 1932 aetatem
376 1880 405 1932 in
429 1879 516 1948 epulis
537 1896 595 1952 esse
618 1879 753 1932 cantitata
775 1896 791 1930 a
813 1879 927 1947 singulis
949 1881 1070 1934 convivis
1092 1883 1127 1935 de

143 1956 277 2010 clarorum
305 1959 425 2012 virorum
456 1958 594 2024 laudibus,
623 1959 652 2010 in
679 1958 830 2026 originibus
856 1959 987 2026 scriptum
1014 1961 1128 2029 reliquit
1212 1957 1213 1966 ’

143 2035 229 2090 Octo!
271 2038 372 2092 Tamen
386 2038 487 2105 Naevii,
504 2038 578 2090 illius
598 2055 681 2106 quem
701 2039 731 2090 in
744 2037 853 2090 vatibus
873 2041 902 2089 et
915 2038 1018 2092 Faunis
1039 2057 1128 2094 annu-

141 2121 230 2170 merat
249 2117 362 2185 Ennius,
380 2119 483 2171 bellum
497 2118 633 2170 Punicum
657 2118 735 2186 quasi
758 2116 884 2185 Myronis
907 2135 975 2186 opus
996 2119 1122 2174 delectat.

143 2193 188 2252 76.
214 2196 256 2249 Sit
269 2198 375 2250 Ennius
397 2215 470 2264 sane,
486 2202 519 2250 ut
537 2202 579 2250 111
593 2201 674 2265 certe,
690 2197 853 2265 perfecti0r;
874 2197 923 2263 qui
944 2197 967 2249 11
988 2198 1074 2265 illum,
1092 2207 1127 2253 ut

141 2275 261 2343 simulat,
277 2281 472 2344 contemneret,
488 2293 544 2328 non
558 2277 649 2328 omnia
662 2277 733 2328 bella
745 2293 910 2344 persequens
922 2277 1041 2344 primum
1054 2279 1127 2333 illud

141 2353 279 2406 Punicum
292 2356 453 2408 acenimum
473 2356 576 2408 ballum
590 2355 750 2423 reliquisset.
796 2355 849 2408 Sed
867 2355 924 2422 ipse
939 2356 1015 2424 dicit,
1032 2375 1081 2410 cur
1094 2361 1124 2412 id

139 2433 229 2487 faciat.
277 2436 296 2464 “
307 2434 470 2502 Scripsere,''
485 2433 585 2502 inquit,
604 2437 623 2462 “
632 2434 679 2486 alii
691 2451 749 2485 rem
762 2435 972 2488 versibus’'-et
984 2436 1125 2491 luculente

140 2512 252 2579 quidem
274 2515 447 2582 scripserunt,
464 2513 570 2564 etiamsi
593 2513 685 2564 minus
705 2529 788 2580 quam
801 2518 834 2565 tu
848 2514 939 2580 polite.
984 2515 1044 2568 Nec
1059 2535 1124 2571 vero

139 2591 192 2643 tibi
214 2591 295 2644 aliter
317 2593 404 2644 videri
427 2591 517 2658 debet,
534 2592 582 2659 qui
603 2609 619 2643 a
641 2591 739 2644 Naevio
764 2593 808 2644 vel
828 2593 968 2660 sumpsisti
987 2596 1083 2664 multa,
1101 2599 1125 2650 si

138 2671 242 2737 fateris,
258 2672 311 2738 vel,
327 2673 350 2723 si
363 2688 454 2738 negas,
471 2670 632 2738 surripuisti

180 2749 226 2808 77.
252 2751 321 2803 (lum
334 2751 387 2802 hoc
405 2749 508 2802 Catone
526 2749 683 2817 grandiores
697 2753 766 2802 natu
784 2751 897 2805 fuerunt
911 2753 939 2806 O.
958 2753 1120 2823 Flaminica,

139 2828 167 2880 (l.
187 2829 284 2897 Varro,
301 2829 332 2892 Q.
355 2829 504 2895 Maximus,
521 2828 552 2892 Q.
575 2829 715 2896 Metellus,
732 2830 762 2883 P.
782 2830 925 2899 Lentulus,
942 2832 972 2884 P.
996 2832 1120 2902 Crassus,

138 2907 188 2974 qui
214 2924 277 2960 curn
304 2909 441 2975 superiore
462 2907 592 2960 Africano
620 2909 715 2961 consul
740 2909 802 2963 fuit.
847 2909 942 2978 Ipsum
967 2911 1123 2979 Scipionem

138 2987 289 3054 accepimus
315 3003 372 3039 non
399 2988 533 3039 infantem
560 2988 650 3041 fuisse.
695 2987 782 3041 Filius
806 2989 917 3057 quidem
942 2992 1010 3058 ejus,
1026 2992 1049 3042 is
1071 2995 1123 3060 qui

137 3065 212 3118 hunc
225 3065 357 3118 minorem
368 3065 522 3133 Scipionem
535 3067 648 3120 aPaulo
662 3067 813 3135 adoptavit,
824 3068 967 3136 sieorpore
977 3069 1119 3138 valuisset,

138 3145 167 3196 in
189 3145 282 3212 primis
308 3145 420 3198 habitus
444 3149 514 3197 esset
538 3145 677 3211 disertus5
708 3146 831 3198 indicant
854 3163 916 3198 cum
938 3147 1120 3200 oratiunculae

137 3229 199 3278 tum
212 3224 325 3278 historia
339 3224 466 3292 quaedam
480 3224 584 3292 Graeca,
601 3225 701 3293 scripta
714 3224 874 3276 dulcissime.

178 3303 243 3357 XX.
282 3303 326 3363 78.
351 3303 530 3371 Numeroque
548 3305 642 3357 eodem
655 3305 710 3356 fuit
724 3303 784 3356 Sex.
803 3302 904 3368 AElius,
921 3303 991 3371 juris
1005 3305 1119 3372 quidem

138 3383 226 3437 civilis
246 3386 367 3438 omnium
388 3382 586 3452 penitissumns,
601 3383 649 3434 sed
668 3383 751 3434 etiam
776 3381 811 3434 ad
830 3382 976 3436 dicendum
995 3389 1115 3452 paratus.

138 3463 179 3515 De
193 3463 343 3517 minoribus
363 3468 456 3516 autern
470 3462 498 3515 0.
518 3461 652 3529 Sulpicius
666 3461 771 3528 Gallus,
788 3461 835 3528 qui
856 3463 974 3516 maxime
994 3465 1120 3518 omnium
1212 3461 1213 3470 ’

137 3541 272 3595 nobilium
286 3543 387 3596 Graecis
400 3541 500 3594 litteris
514 3540 623 3594 studuit
634 3560 642 3605 ;
662 3541 739 3608 isque
760 3545 788 3593 et
808 3545 947 3595 oratorum
960 3543 989 3595 in
1003 3561 1119 3598 numero

137 3627 179 3674 est
201 3623 312 3675 habitus
332 3628 361 3676 et
380 3621 435 3673 fuit
448 3621 562 3689 reliquis
575 3620 656 3672 rebus
669 3624 782 3674 ornatus
795 3625 878 3690 atque
892 3623 1009 3690 elegans.
1052 3623 1120 3677 Jam

157 3703 210 3754 ’11111
221 3707 279 3754 erat
293 3703 401 3779 unctior
415 3700 542 3768 quaedam
557 3699 777 3768 splendidiorque
792 3703 961 3755 consuetudo
971 3703 1120 3770 loquendi;
