2436 4164
521 243 650 286 uerus.
1035 227 1074 286 47

92 383 128 435 ab
149 383 234 436 amico
255 400 351 436 verum
372 381 466 434 audire
487 384 614 448 nequeat,
637 380 720 448 hujus
738 381 811 434 salus
832 382 1001 449 desperanda
1020 390 1069 437 eet.

92 461 199 514 Scitum
212 466 254 514 est
267 462 341 514 enim
354 461 424 514 illud
440 460 559 526 Catonis,
576 464 608 512 ut
628 460 724 526 multa,
739 459 836 513 melius
854 460 889 512 de
909 461 1073 528 quibusdam

91 541 201 593 acerbos
214 541 338 593 inimicos
349 540 457 606 mereri,
469 556 551 606 quam
565 555 610 590 eos
623 538 732 605 amicos,
744 539 793 607 qui
805 539 901 593 dulces
910 539 1071 594 videantur:

91 619 153 671 illos
165 636 261 672 verum
274 637 345 687 saepe
358 619 456 685 dicere,
468 619 518 671 hos
530 634 680 685 nunquam.
722 619 815 686 Atque
828 617 898 670 illud
911 618 1069 685 absurdum,

91 698 166 764 quod
188 698 218 764 ii,
238 699 287 766 qui
305 701 462 764 monentur,
478 714 538 750 eam
555 695 716 761 molestiam,
739 713 822 764 quam
843 695 945 749 debent
964 713 1068 764 capere,

90 793 148 828 non
161 777 281 844 capiunt,
297 794 358 829 eam
377 776 498 843 capiunt,
514 791 570 842 qua
590 775 691 828 debent
705 792 806 828 vacare.
851 775 979 828 Peccasee
997 775 1071 828 enim

90 871 119 906 se
146 872 203 908 non
228 860 387 922 anguntur3
419 854 556 922 objurgari
590 854 704 906 moleste
730 854 843 908 fenmt:
873 854 948 922 quod
975 859 1070 908 contra

90 934 243 1001 oportebat,
259 933 359 987 delicto
373 933 474 1000 dolere,
490 933 656 986 correctione
669 933 794 1000 gaudere.

130 1011 223 1066 XXV.
269 1015 313 1066 91.
340 1012 380 1065 Ut
402 1013 487 1080 igitur
507 1015 536 1064 et
558 1028 668 1064 monere
689 1015 718 1064 et
740 1011 845 1064 moneri
866 1011 1005 1080 proprium
1027 1017 1070 1065 est

91 1107 162 1144 verae
185 1091 321 1158 amicitiae,
341 1096 370 1144 et
390 1091 507 1143 alterum
527 1090 611 1142 libere
631 1090 729 1156 facere,
750 1107 807 1142 non
827 1107 929 1158 aspere,
951 1091 1069 1144 alterum

88 1169 227 1236 patienter
239 1171 367 1238 accipere,
384 1187 441 1222 non
453 1173 655 1237 repugnanter:
676 1169 714 1221 sic
727 1169 884 1222 habendum
897 1173 947 1235 est,
963 1169 1068 1222 nullam

88 1248 120 1299 in
130 1248 255 1301 amicitiis
264 1254 368 1316 pestem
378 1266 435 1300 esse
444 1247 585 1316 majorem,
595 1265 679 1316 quam
688 1247 882 1314 adulationem,
894 1247 1066 1314 blanditiam,

90 1327 306 1382 assentationem.
351 1327 480 1392 Quamvis
494 1327 567 1379 enim
580 1327 675 1379 multis
684 1326 841 1378 nominibus
853 1331 896 1378 est
905 1326 957 1378 hoc
970 1326 1068 1379 vitium

89 1405 251 1474 notandum,
274 1407 376 1458 levium
396 1406 540 1458 hominum
557 1410 640 1473 atque
663 1405 810 1470 fallacium,
836 1404 873 1457 ad
895 1405 1067 1458 voluntatem

88 1484 261 1551 loquentium
287 1485 387 1552 omnia,
415 1485 485 1538 nihil
511 1485 546 1537 ad
572 1484 724 1537 veritatem.
777 1485 823 1536 92.
856 1482 948 1546 Quum
974 1486 1068 1536 autem

89 1563 213 1616 omnium
226 1581 316 1617 rerum
329 1563 467 1616 simulatio
480 1563 579 1616 vitiosa
598 1566 640 1614 est
660 1561 746 1630 (tollit
758 1562 832 1614 enim
848 1561 985 1629 judicium
999 1561 1066 1628 veri,

88 1639 173 1708 idque
190 1642 346 1712 adulterat),
362 1647 423 1695 tum
442 1641 569 1695 amicitiae
589 1645 724 1708 repugnat
743 1641 878 1694 maxime:
899 1640 973 1693 delet
994 1639 1067 1692 enim
1133 1699 1146 1722 ·

87 1719 240 1788 veritatem,
256 1721 313 1774 sine
333 1738 388 1789 qua
401 1738 501 1774 nomen
520 1720 647 1773 amicitiae
661 1719 751 1772 valere
771 1737 826 1772 non
847 1723 945 1787 potest.
991 1717 1066 1772 Nem

87 1815 175 1864 quum
201 1800 327 1854 amicitiae
354 1801 395 1852 vis
421 1801 458 1852 sit
484 1800 514 1852 in
547 1817 587 1865 eo,
617 1803 651 1852 ut
673 1815 746 1852 rmus
773 1799 852 1866 quasi
882 1799 990 1851 animus
1017 1798 1067 1851 fiat

86 1876 275 1946 expluribus,
297 1883 346 1947 qut
372 1879 402 1932 id
423 1879 482 1931 fieri
501 1879 612 1946 poterit,
636 1878 660 1930 si
680 1895 716 1930 ne
738 1877 768 1930 in
791 1894 848 1931 uno
868 1877 980 1945 quidem
999 1893 1067 1945 quo·

87 1972 142 2022 que
163 1973 236 2009 unus
262 1958 369 2010 animus
389 1957 441 2010 erit
482 1957 610 2025 idemque
639 1973 753 2024 semper,
789 1956 837 2008 sed
860 1957 959 2021 varius,
995 1973 1066 2009 com-

84 2034 234 2102 mutabilis,
247 2036 412 2104 multiplex?
453 2037 497 2090 93.
516 2035 589 2099 Quid
602 2035 676 2088 enim
688 2038 780 2103 potest
794 2051 851 2087 esse
864 2039 923 2088 tam
936 2034 1064 2101 flexibile,

84 2117 144 2165 tam
163 2113 284 2182 devium,
310 2132 394 2183 quam
420 2116 528 2168 animus
552 2114 619 2182 ejus,
645 2113 695 2181 qui
717 2113 753 2166 ad
773 2113 886 2166 alterius
907 2129 964 2165 non
984 2113 1067 2166 modo

84 2208 197 2246 sensum
217 2211 250 2247 ao
270 2193 451 2261 voluntatem,
476 2193 524 2246 sed
544 2193 628 2246 etiam
647 2192 757 2244 vultum
777 2195 860 2260 atque
880 2195 981 2244 nutum
1004 2207 1066 2244 oon·

84 2271 224 2325 vertitur?

166 2395 245 2456 Nepae
255 2396 326 2458 quael
341 2413 413 2458 nepe:
429 2397 483 2445 citt
499 2397 555 2446 aio:
567 2403 682 2458 postremo
692 2396 808 2459 imperavi
818 2402 902 2457 comest
913 2393 973 2442 miti

167 2458 255 2508 Omnia
265 2461 388 2521 mesori,

85 2591 118 2639 ut
139 2585 180 2639 ait
199 2585 273 2640 idem
293 2587 455 2652 Terentius;
475 2587 523 2640 sed
542 2588 590 2640 ille
609 2587 639 2639 in
653 2586 808 2640 Gnathonis
828 2603 962 2654 persona:
987 2586 1065 2654 quod

84 2665 166 2718 amici
186 2682 272 2733 genus
290 2664 418 2718 adhibere
438 2666 549 2718 omnino
562 2665 682 2718 levitatis
702 2670 750 2719 est
796 2667 841 2719 94.
865 2664 952 2717 Multi
971 2669 1065 2718 autem

85 2743 265 2796 Gnathonum
291 2743 393 2796 similes
406 2761 492 2812 quum
515 2745 580 2812 sint,
595 2745 664 2810 loco,
679 2744 798 2810 fortuna
815 2745 888 2796 fama
902 2743 1062 2810 superiores,

84 2821 183 2874 horum
209 2826 251 2874 est
277 2822 425 2875 assentatio
450 2823 572 2890 molesta,
602 2839 689 2891 quum
715 2823 750 2875 ad
776 2823 928 2874 vanitatem
953 2822 1065 2874 accessit

84 2900 241 2954 auctoritas.
285 2902 330 2954 95.
356 2899 465 2954 Secerni
477 2905 571 2954 autem
583 2901 701 2954 blandus
714 2901 816 2954 amicus
829 2918 846 2953 a
861 2917 926 2953 vero
939 2904 967 2952 et
980 2900 1063 2953 inter·

86 2979 162 3031 nosci
181 2982 239 3032 tam
260 2983 359 3046 potest,
384 2979 507 3032 adhibita
528 2979 678 3048 diligentia,
702 2997 785 3048 quam
808 2980 900 3032 omnia
921 2979 1014 3032 fucata
1035 2984 1064 3032 et

86 3057 213 3110 simulata
225 3075 242 3110 a
255 3058 365 3110 sinceris
385 3061 468 3125 atque
488 3058 564 3111 veria
609 3057 717 3125 Contio,
732 3075 795 3126 quse
809 3075 843 3110 ex
856 3057 1064 3126 imperitissimis

86 3139 204 3202 constat,
219 3140 313 3188 tamen
323 3135 446 3204 judicare
460 3137 539 3203 solet,
555 3136 623 3204 quid
642 3137 752 3190 intersit
764 3137 837 3189 inter
851 3137 1018 3204 popularem,
1034 3136 1063 3188 id

87 3219 137 3280 est,
150 3217 344 3266 amentatomm
357 3218 385 3266 et
398 3215 486 3268 levem
499 3215 595 3281 civem,
608 3219 637 3267 ct
649 3215 722 3268 inter
734 3220 914 3280 constantem,
928 3231 1061 3280 severum,

85 3298 114 3344 et
127 3309 244 3360 gravem.
289 3294 337 3358 96,
360 3292 465 3356 Quibus
477 3293 619 3346 blanditiis
633 3293 662 3346 Ο.
678 3293 805 3362 Papirius
824 3310 912 3360 nuper
931 3291 1063 3344 influebat

85 3372 115 3422 in
142 3387 221 3424 aures
253 3371 396 3438 contionis,
425 3389 512 3440 quum
538 3372 621 3424 ferret
647 3372 735 3440 legem
761 3372 796 3424 de
824 3371 943 3423 tribunis
976 3369 1063 3438 plebis

84 3447 252 3502 reficiendis!
293 3449 477 3503 Dissuasimus
496 3468 553 3504 nos.
597 3449 651 3502 Sed
671 3450 740 3502 nihil
760 3449 794 3502 de
807 3467 870 3513 me;
890 3449 925 3501 de
939 3447 1062 3516 Scipione

85 3527 175 3580 dicam
193 3527 331 3582 libentius.
375 3527 485 3592 Quanta
505 3529 555 3596 illi,
578 3528 626 3581 Dii
646 3528 827 3580 immortales!
852 3528 907 3580 fuit
929 3521 1061 3594 gravitas!

86 3608 191 3672 quanta
211 3606 240 3658 iu
260 3606 381 3660 oratione
403 3607 544 3676 majestas!
565 3613 598 3660 ut
617 3606 696 3660 facile
709 3606 807 3659 ducem
826 3605 920 3674 populi
933 3604 1060 3671 Romani,

87 3700 143 3736 non
156 3684 283 3738 comitem
296 3685 404 3740 diceres
449 3685 503 3740 Sed
520 3686 635 3739 affuistis
647 3706 654 3750 3
675 3689 703 3740 et
716 3689 758 3738 est
777 3685 807 3737 in
820 3685 946 3738 manibus
965 3682 1053 3738 oratio
