2436 4164
149 221 188 278 46
468 235 503 276 11.
524 233 634 276 ronan
654 233 822 277 1111111111

148 379 288 444 expertem
301 375 350 428 sui
406 373 480 437 Quin
493 374 577 426 etiam
590 373 613 425 si
627 372 688 440 quis
701 390 734 426 ea
746 372 892 441 asperitate
906 360 948 425 est
961 379 990 426 et
1003 375 1132 429 immani-

147 459 205 508 tate
219 458 335 520 naturae,
351 469 509 520 congressus
521 461 554 504 ut
563 452 705 504 hominum
715 451 803 520 fugiat
813 456 897 520 atque
910 452 1008 519 oderit,
1019 456 1133 522 qualem

146 534 230 587 fuisse
244 533 362 586 Athenis
375 532 516 584 Timonem
529 531 619 583 nescio
630 547 712 599 quem
725 530 876 598 accepimus
889 550 897 595 ;
926 535 1020 584 tamen
1033 531 1057 586 is
1070 536 1132 602 pati

147 630 203 666 non
216 612 310 680 possit,
325 616 428 663 utnon
446 609 574 677 anquirat
595 609 723 678 aliquem,
738 610 812 676 apud
831 626 913 678 quem
930 617 1039 664 evomat
1052 613 1131 670 virus

146 691 302 744 acerbitatis
315 707 378 743 suae.
422 690 516 758 Atque
538 689 590 742 hoc
610 687 729 741 maxime
746 687 926 756 judicaretur,
943 689 966 741 si
989 691 1057 758 quid
1070 693 1129 745 tale

146 775 237 838 posset
264 770 429 836 contingere,
454 771 487 820 ut
513 767 613 836 aliquis
645 783 695 820 nos
728 767 804 819 Deus
837 785 872 820 ex
905 767 956 822 huc
983 769 1129 824 hominum

103 911 106 918 ⁴
146 849 302 916 frequentia
314 848 423 900 tolleret
437 850 465 899 et
486 847 516 898 in
537 845 686 899 solitudine
699 846 806 914 uspiam
819 847 973 914 collocaret,
988 852 1073 916 atque
1086 850 1128 903 ibi

147 927 324 996 suppeditans
337 926 458 978 omnium
471 941 653 993 rerumquae
662 928 761 978 natura
771 925 916 992 desiderat,
927 925 1128 981 abundantiam

147 1011 175 1058 et
196 1006 308 1073 copiam,
338 1003 456 1056 hominis
477 1004 589 1058 omnino
615 1003 782 1072 adspiciendi
807 1008 971 1072 potestatem
997 1006 1122 1074 eriperet.

147 1085 214 1148 Quis
226 1088 284 1136 tam
298 1087 368 1136 esset
381 1083 493 1148 11111111,
509 1083 558 1150 qui
571 1099 632 1135 earn
645 1083 730 1135 vitam
743 1083 813 1135 ferre
835 1087 934 1150 posset,
951 1084 1049 1152 cuique
1069 1102 1126 1139 non

146 1163 265 1216 auferret
286 1163 407 1214 fructum
426 1161 601 1230 voluptatum
623 1161 746 1214 omnium
767 1161 909 1214 solitudol
950 1164 995 1216 88.
1020 1163 1127 1218 Verum

146 1258 209 1309 ergo
235 1240 305 1294 illud
332 1245 383 1306 est,
405 1240 489 1308 quod,
512 1257 529 1293 a
553 1241 700 1293 Tarentino
722 1239 854 1308 Archyta,
876 1245 910 1293 ut
937 1241 1042 1309 opinor,
1070 1243 1127 1296 dici

146 1321 258 1373 solitum
283 1323 392 1373 nostros
414 1336 492 1372 senes
515 1335 723 1372 commemorare
744 1319 846 1385 audivi,
870 1319 905 1372 ab
928 1320 988 1372 aliis
1015 1321 1126 1374 senibus

122 1401 124 1404 ’
146 1400 281 1466 auditum,
297 1399 396 1466 siquis
408 1399 438 1450 in
462 1398 561 1451 eaelum
582 1397 773 1464 adscendisset,
790 1402 971 1466 naturamque
984 1401 1083 1453 mundi
1097 1405 1127 1453 et

145 1478 378 1546 pulchritudinem
399 1477 518 1530 siderum
540 1476 728 1545 perspexisset,
747 1476 889 1529 insuavem
911 1477 988 1530 illam
1009 1479 1126 1532 admira-

145 1558 249 1610 tionem
276 1557 301 1609 ei
327 1557 385 1610 fore
397 1576 405 1620 ;
438 1573 500 1624 quae
524 1554 722 1623 jucundissima
745 1555 851 1622 fuisset,
880 1555 904 1608 si
929 1557 1059 1625 aliquem,
1081 1559 1127 1611 cui

146 1641 278 1703 narraret,
294 1636 440 1688 habuisset.
490 1635 534 1688 Sic
547 1638 646 1687 natura
659 1633 811 1688 solitarium
827 1634 897 1688 nihil
910 1639 993 1702 amat,
1009 1653 1126 1705 semper-

146 1733 200 1783 que
226 1715 262 1768 ad
289 1714 400 1781 aliquod
423 1718 556 1782 tauquam
583 1712 780 1766 admimcirlum
807 1714 961 1779 annititur;
994 1715 1070 1783 quod
1096 1716 1127 1768 in

146 1793 307 1847 amicissimo
320 1809 430 1860 quoque
443 1791 629 1846 dulcissimum
642 1796 690 1844 est

185 1871 295 1925 XXIV.
320 1871 374 1924 Sed
394 1887 481 1938 quum
501 1874 544 1923 tot
564 1871 648 1938 signis
672 1869 768 1923 eadem
785 1875 884 1924 111111
906 1871 1035 1940 declaret,
1058 1873 1126 1940 quid

146 1951 223 2019 velit,
234 1950 370 2020 anquirat,
384 1949 528 2016 desideret,
541 1941 757 2003 obsurdescimus
767 1954 861 2002 tamen
874 1951 964 2004 nescio
978 1952 1124 2019 quomodo,

146 2047 196 2084 nec
220 2048 260 2097 ea,
283 2046 345 2099 quae
365 2029 400 2082 ab
420 2047 452 2083 ea
471 2045 623 2095 monemur,
643 2028 777 2082 audimus.
821 2029 872 2082 Est
892 2029 965 2082 enim
985 2030 1077 2083 varius
1097 2035 1127 2084 et

147 2110 292 2178 multiplex
304 2126 371 2162 usus
384 2109 520 2175 amicitiae,
535 2108 685 2176 multasque
699 2124 786 2162 causae
805 2108 988 2176 suspicionum
1001 2109 1127 2162 offensio·

146 2206 269 2257 numque
292 2189 404 2255 dantur,
430 2204 498 2257 quas
519 2192 581 2239 tum
602 2186 714 2254 evitare,
735 2190 798 2240 tum
820 2187 935 2254 elevare,
958 2191 1020 2240 tum
1043 2188 1125 2256 serre,

146 2268 275 2335 sapientis
287 2272 336 2319 est

187 2346 251 2398 Una
263 2346 311 2398 illa
329 2344 496 2397 sublevanda
509 2345 622 2398 offensio
641 2349 693 2411 est,
708 2347 741 2396 ut
761 2349 790 2397 et
803 2345 909 2398 utilitas
922 2345 952 2398 in
965 2345 1084 2398 amicitia
1097 2351 1126 2399 et

146 2425 215 2478 fides
232 2425 401 2477 retineatur:
421 2439 486 2474 nam
506 2427 534 2474 et
552 2423 682 2475 monendi
698 2423 778 2475 amici
798 2440 868 2491 saepe
888 2429 962 2490 sunt,
985 2428 1013 2475 et
1034 2425 1125 2492 objur-

145 2503 238 2571 gandi,
250 2508 279 2556 et
292 2502 351 2554 haee
364 2501 519 2568 accipienda
531 2501 625 2568 amice,
636 2517 722 2569 quum
732 2501 861 2554 benevole
874 2502 951 2556 liunt.
990 2503 1036 2557 89.
1060 2502 1125 2570 8111,

146 2582 236 2635 nescio
260 2580 404 2650 quomodo,
429 2596 525 2632 verum
544 2585 595 2647 est,
615 2580 690 2648 quod
710 2579 740 2632 11
760 2579 866 2633 Andria
884 2581 1025 2634 familiaris
1047 2599 1126 2636 meus

146 2661 235 2715 dicit:

371 2758 509 2821 otsqaiam
520 2757 614 2818 1111111,
624 2757 710 2806 mbas
721 2757 803 2806 odiam
811 2758 886 2820 peril.

146 2903 264 2956 Molesta
287 2902 396 2968 veritas,
419 2901 442 2954 si
465 2899 577 2970 quidem
600 2917 635 2952 ex
661 2917 693 2953 ea
715 2900 836 2953 nascitur
859 2899 962 2966 odium,
985 2901 1059 2968 quod
1082 2905 1124 2955 est
1214 2891 1215 2896 ¹

146 2998 282 3035 venenum
305 2981 450 3044 amicitiae;
481 2979 529 3032 sed
555 2979 716 3046 obsequium
742 2979 830 3032 multo
857 2978 1007 3046 molestius,
1037 2981 1120 3048 quod,

146 3060 263 3128 peccatis
283 3059 437 3126 indulgens,
462 3057 630 3126 praecipitem
650 3057 768 3110 amicum
791 3056 856 3110 ferri
881 3057 954 3110 sinit.
998 3057 1120 3112 Maxima

145 3143 239 3191 autem
251 3138 331 3205 culpa
350 3137 379 3189 in
392 3154 434 3203 eo,
450 3136 498 3204 qui
518 3142 546 3188 11
560 3136 704 3189 veritatem
723 3140 892 3204 aspernatur,
908 3139 937 3188 et
956 3136 986 3188 in
999 3137 1122 3190 fraudem

146 3216 276 3284 obsequio
295 3215 451 3284 impellitur.
496 3214 579 3267 Omni
601 3215 687 3282 igitur
699 3214 750 3268 hac
769 3215 799 3266 iu
817 3232 846 3266 re
859 3214 984 3268 habenda
1004 3216 1075 3268 ratio
1095 3221 1122 3268 et

146 3294 288 3363 diligentia
300 3297 361 3358 est;
380 3295 507 3362 primum,
524 3298 557 3346 ut
574 3293 690 3346 monitio
702 3293 857 3360 acerbitate,
873 3293 972 3346 deinde
985 3299 1018 3347 ut
1032 3294 1121 3362 objur-

146 3374 220 3440 gatio
234 3373 398 3425 contumelia
414 3375 510 3425 careat.
555 3371 590 3424 In
609 3371 739 3440 obsequio
757 3376 850 3424 autem
870 3372 1011 3440 (quoniam
1024 3373 1120 3426 Tereu-

147 3452 223 3505 tiano
233 3451 315 3503 verbo
328 3451 455 3503 lubenter
465 3450 579 3518 utimur)
590 3451 703 3504 comitas
713 3450 804 3504 adsit:
825 3451 980 3517 assentatio,
993 3452 1121 3504 vitiorum

147 3530 279 3598 acljutrix,
304 3529 399 3597 procul
421 3532 598 3581 amoveatur:
627 3546 689 3596 quae
712 3545 769 3582 non
791 3528 873 3582 modo
896 3529 991 3596 amico,
1017 3530 1065 3582 sed
1087 3547 1121 3582 ne

147 3608 233 3660 libero
246 3608 357 3676 quidem
370 3608 453 3674 digna
466 3612 526 3660 est:
546 3606 626 3658 aliter
645 3607 719 3658 enim
738 3623 801 3659 cum
818 3612 946 3674 tyranno,
962 3608 1042 3662 aliter
1061 3625 1122 3661 cum

148 3687 234 3739 amico
247 3686 357 3740 vivitur.
402 3687 447 3740 90.
472 3685 557 3752 Cujus
570 3690 662 3736 autem
675 3702 753 3738 aures
766 3686 864 3738 clausae
877 3687 1121 3755 111111111111,11
1212 3699 1213 3708 ’
