2436 4164
239 723 294 807 M.
335 726 514 810 TULLII
555 659 837 818 CICERONIS

172 899 236 962 DE
270 901 562 979 SENECTUTE,
590 906 654 968 DE
685 909 913 990 AMICITIA,

68 1005 133 1068 DE
173 1004 363 1073 CLARIS
399 1011 743 1080 ORATORIBUS
780 1019 1019 1091 DIALOGI.

338 1215 751 1246 Q

119 1375 231 1502 olio
271 1425 427 1502 nisce
467 1425 553 1502 sno
593 1426 653 1500 oo
693 1425 960 1504 sinicium

287 1650 318 1709 T.
341 1650 582 1710 POMPONIUM
603 1649 798 1711 Ammon:

486 1767 598 1798 -0—

531 1868 556 1926 I.

107 1973 110 1978 '
171 1970 194 2017 1.
211 1968 231 2016 0
243 1968 313 2026 Trou,
324 1967 346 2016 si
356 1968 419 2030 quid
429 1983 473 2031 ego
484 1968 581 2030 edjltro,
593 1983 709 2018 curamve
719 1969 822 2029 levasso,

208 2032 269 2090 Quae
279 2047 346 2080 nunc
356 2035 383 2080 te
394 2033 479 2094 coquit
489 2036 517 2080 et
526 2037 615 2091 verset,
627 2032 654 2080 in
664 2037 765 2095 pectore
775 2033 832 2092 fixo,

208 2095 304 2158 Ecquid
314 2095 363 2143 erit
372 2095 476 2156 praemil

43 2208 123 2259 Licet
136 2204 212 2257 enim
225 2203 348 2256 versibus
361 2203 463 2256 eisdem
475 2203 544 2256 mihi
556 2203 633 2256 afferi
645 2207 683 2271 te,
699 2203 801 2270 Attice,
818 2204 917 2272 quibus
931 2207 1030 2260 effatur

43 2284 235 2338 Flamininum

208 2400 254 2448 Ille
265 2399 310 2458 vir,
321 2399 388 2448 haud
399 2415 489 2462 magne
499 2415 557 2447 cum
567 2415 602 2458 re,
614 2399 658 2448 sed
669 2399 752 2462 plenu'
765 2399 830 2448 fidei.

40 2515 214 2579 Quanquam
227 2513 302 2562 certo
316 2526 380 2576 scio,
395 2526 460 2576 non,
477 2512 510 2560 ut
523 2507 718 2575 Flamininum,

208 2625 341 2674 Sollicitari
352 2628 386 2684 te,
398 2625 464 2684 Tite,
474 2625 510 2672 sic
520 2627 655 2685 noctesque
666 2623 776 2684 diesque.

41 2733 124 2787 Novi
146 2732 221 2785 enim
241 2732 456 2785 moderationem
479 2730 564 2783 animi
583 2729 627 2782 tui
646 2733 674 2782 et
695 2730 863 2798 nequitatem,
879 2734 962 2798 teque
976 2749 1030 2784 non

40 2827 201 2881 cognomen
214 2811 303 2863 solum
316 2809 433 2863 Athenis
453 2810 618 2876 deportasse,
634 2809 682 2862 sed
701 2809 901 2862 humanitatem
921 2813 949 2862 et
969 2827 1032 2878 pru·

40 2892 173 2945 dentiam
186 2890 317 2956 intelligo.
362 2889 399 2941 Et
412 2892 505 2940 tomen
525 2892 554 2939 te
574 2887 693 2954 suspicor
713 2887 815 2939 eisdem
827 2888 918 2954 rebus,
934 2889 1034 2956 quibus

41 2972 195 3038 meipsum,
210 2967 350 3029 interdum
371 2967 480 3035 gravius
500 2965 683 3019 commoveri:
704 2982 820 3032 quaeum
842 2967 990 3033 consolatio
1004 2973 1032 3021 et

41 3050 137 3116 major
151 3051 204 3114 est,
220 3050 248 3098 et
272 3047 302 3098 in
321 3045 397 3098 aliud
417 3049 526 3112 tempus
546 3044 702 3097 differendo
746 3043 830 3096 Nunc
851 3049 944 3098 autem
964 3047 1033 3098 mihi

42 3130 140 3180 visum
165 3129 208 3177 est
231 3125 266 3177 de
288 3124 434 3177 Senectute
461 3123 566 3192 aliquid
592 3123 627 3175 ad
650 3126 678 3174 te
702 3123 875 3177 consciibere.
921 3127 946 3179 2.
970 3124 1032 3178 Hoc

43 3207 123 3258 enim
137 3220 229 3270 onere,
245 3203 320 3270 quod
333 3203 401 3255 mihi
421 3207 513 3254 tecum
534 3218 678 3254 commune
699 3205 750 3268 est,
765 3206 815 3254 eut
829 3203 888 3270 jem
911 3205 1034 3270 urgentis

44 3289 98 3336 aut
113 3286 188 3335 certe
202 3281 379 3334 adventantis
399 3281 556 3346 senectutis,
573 3283 601 3332 et
621 3283 650 3332 te
668 3283 696 3332 et
715 3281 849 3347 meipsum
861 3281 947 3333 levari
960 3282 1029 3334 volo.

45 3362 112 3415 Etsi
126 3367 156 3414 te
170 3360 283 3430 quidem
296 3360 326 3412 id
339 3360 445 3412 modice
463 3376 498 3411 ec
514 3359 659 3426 supienter,
675 3359 745 3410 sicut
765 3359 864 3424 omnia,
880 3363 909 3410 et
921 3359 991 3411 ferre
1005 3365 1034 3412 et

45 3443 176 3494 latuium
186 3457 244 3492 esse
258 3443 332 3492 certo
345 3439 407 3492 scio.
451 3437 505 3490 Sed
522 3437 600 3504 mihi,
616 3454 702 3504 quum
722 3437 756 3490 de
776 3440 915 3488 senectute
929 3438 1033 3504 aliquid

48 3522 151 3573 vellem
173 3518 297 3585 sciibete,
309 3522 343 3570 tu
360 3517 518 3570 occurrebas
539 3516 638 3582 dignus
661 3533 693 3568 eo
713 3532 834 3581 munere,
850 3531 904 3582 quo
917 3519 1034 3584 uterque

45 3604 178 3651 nostium
192 3597 374 3650 communiter
387 3599 518 3649 uteretur.
555 3594 628 3646 Mihi
641 3593 752 3661 quidem
764 3593 805 3646 ita
814 3593 938 3661 jucunde
951 3595 1034 3663 hujus

45 3677 115 3730 libri
129 3675 265 3730 confectio
277 3675 340 3743 fuit,
357 3679 390 3728 ut
411 3691 468 3727 non
486 3673 568 3727 modo
589 3689 683 3726 omnes
706 3672 862 3725 absterserit
885 3675 1033 3728 senectutis

890 3760 907 3796 n
