2436 4164
521 264 650 306 nnnrua.
769 299 778 308 .
1038 251 1076 308 45

94 408 164 460 alter
177 423 226 474 pro
237 406 323 458 altero
331 405 469 473 suscipiet,
481 423 570 474 neque
579 405 730 474 quidquam
737 423 861 474 unquam
869 409 922 460 nisi
930 409 1076 462 honestum

89 492 123 544 ‚et
136 491 242 538 rectum
255 486 324 538 alter
347 485 382 537 ab
400 485 485 538 altero
499 485 668 553 postulabit;
696 503 785 553 neque
799 486 887 538 solum
900 487 991 540 colent
1004 488 1077 540 inter

96 583 124 618 se
146 582 177 617 ac
201 565 326 632 diligent,
342 564 390 616 sed
414 564 497 616 etiam
521 564 694 617 verebuntur.
746 564 821 617 Nam
834 566 985 618 maximum
998 583 1076 620 orna·

96 649 221 697 mentum
242 643 370 695 amicitiae
393 643 477 708 tollit,
501 644 549 710 qui
572 660 607 695 ex
631 661 662 695 aa
685 643 760 696 tollit
781 644 979 698 verecundiam.
1026 647 1071 698 83.

96 724 194 791 ltaque
215 723 244 774 in
267 722 301 774 iis
323 721 489 789 perniciosus
510 727 552 774 est
576 739 658 788 error,
672 722 724 790 qui
746 722 914 789 existimant,
929 719 1077 775 libidinum

95 806 322 870 peccatorumque
336 800 459 852 omnium
472 810 565 868 patere
578 801 608 853 in
621 801 741 853 amicitia
754 800 902 855 licentiam.
931 801 1077 854 Virtutum

0 909 1 928 r
95 881 216 934 amicitia
229 879 352 948 adjutrix
375 897 392 932 a
413 884 512 932 natura
533 880 608 934 data,
621 883 672 946 est,
688 897 744 932 non
764 879 895 932 vitiorum
918 897 1016 947 comes,
1032 885 1072 946 ut,

96 960 225 1030 quoniam
239 959 359 1012 solitaria
372 975 429 1011 non
452 963 543 1026 posset
556 959 646 1011 virtus
669 959 705 1011 ad
729 976 769 1026 ea,
785 975 847 1026 quae
871 976 977 1012 summa
1000 964 1073 1024 sunt,

95 1039 246 1107 pervenire,
262 1038 409 1106 conjuncta
422 1042 451 1090 et
465 1038 616 1090 consociata
630 1055 692 1090 cum
706 1037 792 1090 altera
805 1039 959 1104 perveniret
974 1057 980 1092 τ
1014 1055 1076 1107 quae

95 1118 119 1170 si
132 1135 201 1186 quos
213 1119 286 1169 inter
299 1117 413 1170 societas
426 1121 475 1169 aut
488 1121 539 1184 est,
555 1121 604 1169 aut
617 1117 679 1184 fuit,
695 1111 744 1168 aut
757 1117 851 1169 futura
864 1122 914 1184 est,
928 1135 1022 1170 eorum
1036 1121 1076 1170 eet

95 1197 237 1249 habendus
247 1197 282 1249 ad
295 1213 433 1248 summum
440 1198 547 1248 naturae
556 1196 659 1248 bonum
668 1195 787 1264 optimus
796 1196 1021 1264 beatissimusque
1035 1213 1077 1250 co·

94 1277 215 1328 mitatus.
241 1277 286 1328 84.
301 1275 370 1327 Haec
379 1279 430 1340 est,
440 1275 560 1342 inquam,
572 1275 694 1340 societas,
705 1275 734 1326 in
742 1291 797 1342 qua
805 1275 896 1327 omnia
905 1275 1008 1342 insunt,
1016 1292 1078 1344 ques

95 1358 197 1423 putant
209 1353 333 1406 homines
343 1353 503 1421 eipetenda,
520 1353 657 1420 honestas,
672 1354 766 1421 gloria,
782 1354 968 1421 tranquillitas
981 1354 1074 1419 animi,

95 1438 180 1501 atque
190 1433 371 1501 jucunditas:
392 1436 425 1485 ut
446 1437 483 1498 et,
507 1450 593 1500 quum
612 1433 671 1485 haec
691 1432 792 1498 adsint,
808 1433 889 1484 beata
908 1433 966 1485 vita
986 1435 1030 1498 sit,
1047 1437 1075 1484 et

96 1513 155 1564 sine
168 1513 210 1564 his
224 1529 280 1564 esse
293 1529 349 1564 non
363 1511 455 1579 possit.
500 1511 580 1574 Quod
604 1528 691 1580 quum
715 1511 849 1579 optimum
871 1512 1077 1579 maximumque

96 1591 143 1657 sit,
159 1591 182 1643 si
194 1591 223 1642 id
237 1591 362 1643 volumus
372 1589 492 1658 adipisci,
505 1590 604 1643 virtuti
613 1607 694 1658 opere
707 1589 798 1642 danda
810 1593 852 1642 est
864 1609 871 1653 ;
891 1589 1015 1658 sineque
1027 1608 1077 1643 nec

97 1670 255 1736 amicitiam,
270 1687 358 1737 neque
373 1669 457 1722 ullam
481 1687 538 1721 rem
561 1669 743 1737 expetendam
766 1668 895 1737 consequi
916 1686 1076 1736 possumus:

97 1767 131 1801 ea
157 1766 222 1801 vero
247 1749 377 1816 neglecta,
404 1749 452 1816 qui
475 1766 503 1801 se
523 1749 623 1802 amicos
644 1748 743 1802 habere
764 1749 938 1814 arbitrantur,
964 1753 1025 1801 tum
1048 1765 1077 1800 se

97 1828 216 1896 denique
230 1845 331 1880 errasse
345 1828 478 1894 sentiunt,
495 1845 581 1896 quum
595 1845 640 1880 eos
653 1828 743 1896 gravis
757 1827 855 1896 aliquis
869 1844 945 1880 casus
959 1827 1076 1895 experiri

98 1907 176 1974 cogit.
232 1909 280 1960 85.
302 1906 441 1973 Quocirca,
459 1907 616 1976 (dicendum
630 1912 671 1960 est
684 1907 757 1960 enim
771 1907 892 1975 saepius)
906 1923 993 1974 quum
1003 1907 1077 1974 judi·

98 1987 209 2053 caveris,
225 1985 337 2053 diligere
350 1989 475 2053 oportet:
505 2003 673 2054 numquam
695 1985 829 2050 dilexeris,
847 1985 978 2052 judicare.
1023 1985 1077 2038 Sed

98 2082 184 2132 quum
207 2065 301 2117 multis
325 2065 354 2116 in
371 2065 451 2116 rebus
472 2065 636 2132 negligentia
657 2064 809 2132 plectimur,
825 2067 886 2116 tum
907 2063 1025 2116 maxime
1048 2065 1078 2116 in

98 2144 191 2196 amicis
214 2149 243 2196 et
270 2143 414 2210 diligendis
435 2147 463 2196 et
485 2144 611 2196 colendis.
669 2143 846 2210 Praeposteris
872 2142 946 2194 enirn
972 2141 1078 2195 utimur

98 2223 227 2289 consiliis,
243 2227 270 2274 et
284 2227 345 2274 acta
357 2223 471 2290 agimus,
487 2222 560 2290 qnod
574 2227 699 2274 vetamur
711 2221 798 2274 veteri
810 2220 960 2289 proverbio.
1004 2220 1078 2274 Nam

98 2302 232 2370 implicati
255 2302 328 2354 ultro
356 2306 384 2354 et
408 2301 484 2368 citro,
507 2301 552 2352 vel
572 2318 623 2353 usu
644 2301 784 2366 diuturno,
806 2300 953 2352 ueletiam
973 2300 1075 2366 officiis,

98 2385 210 2448 repente
224 2381 253 2434 in
267 2380 357 2433 medio
371 2397 450 2432 cursu
464 2380 605 2448 amicitias,
622 2383 717 2433 exorta
737 2379 829 2448 aliqua
850 2378 1007 2446 offensione,
1024 2378 1078 2431 dis·

98 2459 257 2528 rumpimus.

139 2537 252 2592 XXIII.
296 2541 341 2592 86.
366 2537 426 2602 Quo
440 2539 523 2592 etiam
536 2539 622 2606 magis
635 2537 816 2606 vituperanda
835 2541 877 2590 est
898 2537 938 2589 rei
960 2536 1078 2590 maxime

98 2619 255 2670 necessariae
278 2621 358 2670 tanta
384 2617 494 2670 incuria
553 2616 616 2670 Una
639 2621 681 2669 est
704 2617 777 2669 enim
800 2616 919 2668 amicitia
942 2615 972 2667 in
998 2615 1079 2667 rebus

99 2697 235 2764 humanis,
251 2697 285 2749 de
299 2696 377 2764 cujus
391 2697 511 2748 utilitate
525 2713 619 2749 omnes
632 2712 688 2748 uno
702 2712 747 2748 ore
761 2695 937 2748 consentiunt
952 2713 957 2746 :
992 2710 1078 2761 quan-

99 2793 184 2843 quam
197 2793 214 2828 a
227 2775 321 2828 multis
344 2775 402 2842 ipsa
416 2777 505 2827 virtus
526 2774 719 2840 contemnitur,
734 2778 763 2826 et
776 2773 929 2826 venditatio
952 2771 1079 2840 quaedam

99 2859 183 2923 atque
197 2855 345 2906 ostentatio
358 2871 416 2906 esse
429 2854 536 2906 dicitur.
589 2853 674 2906 Multi
697 2852 806 2905 divitias
820 2851 983 2919 despiciunt,
999 2843 1076 2918 quos,

98 2950 184 3001 parvo
211 2937 361 2999 contentos,
391 2933 482 2984 tenuis
508 2933 597 2984 victus
623 2931 767 2999 cultusque
793 2930 911 2983 delectat
923 2949 930 2994 ;
963 2930 1079 2982 honores

99 3029 174 3078 vero,
190 3029 307 3080 quorum
321 3011 470 3080 cupiditate
484 3011 596 3078 quidam
619 3010 832 3076 inflammantur,
848 3026 931 3077 quam
944 3007 1026 3060 multi
1038 3008 1079 3060 ita

99 3095 290 3157 contemnunt,
305 3095 338 3143 ut
351 3090 420 3142 nihil
433 3090 550 3156 inanius,
560 3089 629 3141 nihil
642 3107 699 3141 esse
713 3089 801 3148 levius
809 3089 972 3140 existiment.
995 3085 1079 3138 Item·

1 3171 2 3177 ’
99 3187 153 3238 que
167 3174 264 3236 cetera,
276 3186 337 3238 quae
351 3169 514 3238 quibusdam
528 3168 696 3220 admirabilia
705 3167 843 3233 videntur,
859 3165 989 3234 permulti
1002 3168 1077 3231 sunt,

99 3250 149 3317 qui
157 3266 207 3317 pro
217 3249 303 3301 nihilo
312 3252 422 3316 putent.
442 3248 484 3300 De
495 3247 613 3300 amicitia
621 3263 714 3299 omnes
724 3246 759 3299 ad
770 3263 855 3298 unum
863 3245 936 3297 idem
945 3242 1077 3308 sentiunt,

99 3333 129 3380 et
142 3329 172 3394 ii,
188 3327 236 3396 qui
249 3327 284 3380 ad
297 3344 355 3379 rem
368 3327 505 3394 publicam
518 3344 546 3378 se
560 3326 745 3392 contulerunt,
762 3328 791 3376 et
811 3323 841 3390 ii,
857 3324 905 3390 qui
915 3338 1006 3374 rerum
1019 3337 1079 3388 cog-

100 3407 205 3459 nitione
232 3407 410 3474 doctrinaque
436 3405 616 3470 delectantur,
645 3408 673 3456 et
699 3404 728 3470 ii,
758 3402 807 3470 qui
832 3418 913 3454 suum
939 3399 1080 3467 nogotium

99 3489 199 3554 gerunt
209 3485 289 3538 otiosi
303 3505 310 3548 ;
330 3488 466 3552 postremo
476 3485 504 3550 ii,
518 3484 566 3551 qui
579 3501 606 3536 se
614 3487 688 3536 totos
697 3481 872 3534 tradiderunt
882 3477 1077 3546 voluptatibus,

99 3566 158 3617 sine
172 3564 291 3616 amicitia
305 3563 390 3617 vitam
404 3581 461 3616 esse
481 3563 594 3629 nullam,
610 3562 634 3614 si
656 3560 738 3613 modo
751 3558 838 3612 velint
851 3557 943 3626 aliqua
956 3573 990 3610 ex
1003 3559 1080 3624 parte

100 3643 249 3696 liberaliter
264 3643 362 3696 vivere.
388 3643 432 3698 87.
451 3641 541 3710 Serpit
549 3641 632 3706 enim,
642 3639 732 3692 nescio
742 3637 888 3706 quomodo,
900 3653 949 3705 per
958 3635 1044 3687 omnir¹

99 3723 173 3776 vitas
186 3721 314 3789 amicitia,
332 3739 382 3774 nec
396 3721 481 3774 ullam
498 3719 588 3773 aetatis
611 3717 742 3788 degendae
755 3715 889 3770 rationem
905 3715 1011 3785 patitur
