2436 4164
511 225 642 313 1111111.
1031 253 1070 312 29

88 410 239 478 publicare
252 413 281 462 et
295 409 329 462 de
342 409 449 478 privata
462 409 525 476 fuit,
542 425 659 477 quocum
673 412 701 462 et
715 408 813 462 domus
831 412 860 461 et
880 407 979 461 militia
999 425 1069 460 com·

87 489 189 555 munis,
218 493 256 556 et,
284 489 314 541 id
340 489 370 540 in
397 506 452 556 quo
479 493 521 540 est
547 489 636 540 omnis
662 489 704 540 vis
724 488 859 554 amicitiae,
882 487 1066 553 voluntatum,

87 568 251 634 studiorum,
274 568 472 620 sententiarum
492 585 598 619 summa
622 567 768 619 consensio.
813 567 912 634 Itaque
932 583 987 618 non
1011 570 1069 617 tam
1120 593 1123 597 ·

59 641 63 647 ’
85 647 141 699 ista
163 663 207 698 111
229 647 377 714 sapientiae,
394 663 477 715 quam
499 646 582 698 modo
604 645 726 698 Fannius
746 646 975 710 commemoravit,
997 645 1070 696 fama

85 725 214 791 delectat,
232 725 300 778 falsa
320 725 478 793 praesertim,
495 742 578 792 quam
597 725 672 792 quod
693 724 820 776 amicitiae
841 728 944 775 nostrae
968 740 1068 774 memo-

85 803 156 856 riam
170 821 248 871 spero
262 804 454 872 sempiternam
467 805 546 856 fore:
566 803 650 870 idque
670 820 702 856 eo
723 803 792 854 mihi
815 803 900 870 magis
918 806 960 854 est
983 801 1067 867 cordi,

85 882 163 949 quod
184 899 219 934 ex
242 883 368 935 omnibus
391 882 497 935 saeculis
517 882 565 934 vix
582 884 637 934 tria
659 887 709 934 ant
736 886 867 949 quattuor
892 881 1070 932 nominantur

85 961 164 1028 paria
190 961 357 1016 amicorum:
388 978 443 1029 quo
464 962 493 1013 in
517 960 615 1029 genere
636 978 743 1028 sperare
766 961 861 1012 videor
884 959 1017 1027 Scipionis
1041 963 1070 1010 et

86 1039 167 1092 Laui
194 1041 340 1092 amicitiam
367 1045 462 1093 notam
493 1040 648 1108 posteritati
670 1041 735 1092 fore.
781 1041 826 1092 16.
850 1039 943 1092 nass.
988 1037 1069 1090 Istud

86 1119 210 1185 quidem,
227 1119 303 1186 Laeli,
325 1119 365 1171 ita
386 1137 494 1171 necesse
514 1123 563 1171 est.
607 1119 670 1184 Sed,
694 1119 823 1186 quoniam
846 1117 973 1170 amicitiae
994 1134 1069 1168 men-

84 1197 191 1251 tionem
210 1199 300 1250 feciati
322 1202 351 1250 et
371 1215 464 1250 sumus
484 1198 573 1264 otiosi,
598 1201 754 1265 pergratum
768 1197 836 1250 mihi
855 1196 959 1262 feceris,
981 1197 1069 1264 (spero

84 1276 155 1328 item
169 1276 307 1346 Scaevolae)
321 1277 353 1343 si,
369 1277 600 1344 quemadmodum
614 1277 683 1328 soles
703 1277 737 1328 de
762 1276 858 1328 ceteris
877 1276 967 1341 rebus,
983 1292 1070 1342 quum

87 1372 124 1407 ex
137 1359 166 1408 11
181 1360 352 1423 quaeruntur,
365 1356 403 1408 sic
416 1355 451 1408 de
464 1356 583 1408 amicitia
593 1355 749 1423 disputaris,
761 1355 828 1422 quid
836 1355 945 1420 sentias,
960 1354 1069 1421 qualem

84 1433 234 1502 existimes,
252 1452 314 1502 quae
337 1438 473 1502 praecepta
494 1435 548 1487 des.
602 1434 690 1488 SoAEV.
715 1434 787 1486 Mihi
810 1451 892 1486 vero:
922 1437 1013 1500 atque,
1040 1432 1069 1482 id

84 1513 178 1580 ipsum
191 1530 277 1580 quum
300 1517 391 1566 tecum
411 1531 489 1581 agere
509 1531 628 1580 conarer,
643 1513 765 1565 Fannius
786 1513 954 1564 antevertit:
975 1528 1069 1579 quam·

86 1591 184 1648 obrem
197 1593 308 1660 utrique
321 1597 447 1645 nostrum
460 1595 569 1659 gratum
582 1592 731 1645 admodum
744 1591 846 1644 feceris.

128 1670 162 1724 V.
209 1670 253 1727 17.
278 1671 351 1724 Lan.
395 1671 454 1738 Ego
477 1687 542 1723 vero
563 1689 618 1723 non
640 1687 774 1738 gravarer,
789 1670 813 1722 si
834 1669 902 1722 mibi
922 1669 981 1736 ipse
1007 1686 1068 1721 oon·

85 1749 220 1802 fiderem:
240 1767 305 1802 nam
318 1755 347 1802 et
360 1751 489 1818 praeclara
501 1767 544 1802 res
564 1754 613 1816 est,
631 1754 659 1801 et
679 1767 781 1816 sumus,
797 1754 830 1801 ut
850 1749 922 1800 dixit
935 1747 1065 1814 Fannius,

86 1829 176 1882 otiosi
222 1827 275 1880 Sed
289 1829 350 1897 quis
364 1845 414 1896 ego
427 1846 488 1881 sum
500 1828 510 1881 1
529 1833 578 1880 aut
591 1846 653 1896 quae
667 1829 751 1882 estin
764 1845 808 1880 me
824 1826 960 1880 facultas?
999 1827 1069 1879 Doc-

85 1911 179 1959 torum
193 1911 235 1959 111
248 1909 301 1960 ista
314 1907 490 1974 consuetudo,
508 1925 594 1974 eaque
608 1908 775 1974 Graecorum,
790 1911 823 1960 ut
843 1907 876 1958 iis
890 1910 1017 1974 ponatur,
1032 1906 1068 1958 de

86 2003 144 2053 quo
167 1986 309 2053 disputent
330 1987 454 2054 quamvis
477 1987 575 2040 subit0.
629 1986 763 2053 Magnum
786 2003 854 2052 opus
878 1989 928 2051 est,
954 1990 1069 2052 egetque

87 2065 282 2117 exercitatione
296 2083 352 2118 non
371 2082 461 2132 parva.
506 2063 688 2128 Quamobrem
708 2081 770 2132 quae
785 2063 924 2131 ¹disputari
948 2063 982 2116 de
1002 2065 1069 2115 ami·

87 2143 153 2196 citia
166 2148 292 2211 possunt,
308 2144 343 2196 ab
361 2145 408 2210 eia,
425 2160 529 2210 cense0,
548 2144 656 2211 petatis,
674 2143 723 2210 qui
741 2143 795 2195 ista
815 2143 996 2209 profitentur:
1018 2159 1068 2208 ego

86 2240 137 2274 vos
163 2221 268 2274 hortari
294 2227 403 2275 tantum
430 2239 550 2290 possum,
579 2227 612 2275 ut
645 2222 792 2274 amicitiam
826 2221 954 2272 omnibus
986 2221 1069 2272 rebus

86 2301 216 2353 humanis
229 2302 408 2368 anteponatis.
453 2301 533 2353 Nihil
553 2305 594 2352 est
614 2301 687 2354 enim
700 2304 758 2352 tam
771 2305 877 2352 naturae
891 2303 995 2367 aptum,
1011 2304 1069 2352 tam

87 2380 252 2432 conveniens
274 2380 311 2432 ad
332 2397 375 2431 res
388 2380 433 2432 vel
455 2380 595 2445 secundas,
611 2380 656 2431 vel
675 2379 808 2431 adversas.
854 2381 899 2432 18.
943 2378 998 2430 Sed
1017 2378 1068 2430 hoc

87 2458 207 2524 primum
221 2459 318 2524 sentio,
333 2459 386 2510 nisi
398 2459 428 2510 11
441 2458 520 2510 bonis
532 2458 679 2510 amicitiam
691 2474 819 2509 essenon
839 2474 924 2525 posse.
969 2457 1068 2524 Neque

86 2537 117 2588 id
131 2536 167 2588 ad
181 2537 274 2589 vivum
287 2553 386 2603 reseco,
402 2537 497 2603 111111,
513 2537 562 2604 qui
574 2537 633 2589 hoec
653 2537 780 2589 subtilius
793 2536 939 2602 disserunt,
954 2536 1068 2588 fortasse

87 2632 160 2681 vere,
178 2615 238 2667 'sed
264 2616 300 2667 ad
326 2632 497 2668 communem
523 2615 673 2668 utilitatem
699 2632 803 2682 pamm.
848 2615 959 2682 Negant
983 2615 1065 2680 enim,

87 2711 246 2761 quenquam
264 2711 321 2746 esse
342 2694 431 2746 virum
452 2695 564 2759 bonum,
579 2694 633 2745 nisi
655 2695 812 2761 sapientem.
856 2693 898 2745 Sit
920 2693 960 2745 ita
983 2710 1067 2746 sane:

86 2771 136 2824 sed
150 2789 209 2824 eam
223 2772 384 2840 sapientiam
396 2772 620 2840 interpretantur,
637 2789 719 2840 quam
740 2772 829 2824 adbuc
852 2771 974 2824 mortalis
988 2788 1068 2824 nemo

87 2854 131 2902 est
145 2855 325 2914 consecutus;
345 2867 395 2902 nos
415 2855 508 2903 autem
529 2869 570 2917 ea,
586 2868 648 2918 quae
671 2850 785 2903 suntin
805 2867 857 2902 usu
871 2850 982 2918 vitaque
996 2867 1069 2902 com·

85 2929 176 2994 muni,
191 2947 247 2982 nen
260 2947 301 2995 ea,
317 2946 379 2996 quae
399 2929 541 2996 fingrmtnr
559 2934 607 2981 aut
629 2933 767 2996 optantur,
784 2933 904 2996 spectare
928 2929 1064 2983 debemus.

86 3008 240 3074 Nunquam
259 3025 311 3075 ego
334 3007 432 3073 dicam,
455 3007 484 3060 Ο.
512 3007 677 3075 Fabricium,
699 3008 751 3061 Μ’
765 3007 884 3074 Curium,
902 3008 941 3061 'n
966 3007 1068 3060 011111-

86 3087 207 3152 canium,
221 3104 289 3154 quos
309 3087 446 3154 sapientes
463 3087 551 3140 nostri
572 3087 688 3154 majores
706 3087 877 3154 judicabant,
899 3087 934 3138 ad
952 3087 1068 3139 istorum

86 3181 212 3216 normam
224 3165 308 3218 fuisse
321 3165 463 3232 sapientes
508 3164 597 3228 Quare
611 3166 663 3218 sibi
675 3165 794 3218 habeant
804 3166 943 3232 sapientiae
956 3182 1065 3228 nomen,

87 3249 116 3296 et
138 3243 304 3296 invidiosum
330 3249 360 3296 et
383 3244 548 3308 obscurum
577 3244 790 3311 concedantque,
814 3249 847 3296 111
873 3244 903 3294 hi
930 3244 995 3295 boni
1016 3243 1068 3294 viri

86 3323 199 3375 fuerint
242 3323 288 3375 Ne
309 3323 338 3375 id
359 3323 471 3389 quidem
492 3323 613 3386 facient;
634 3323 783 3390 negabunt,
804 3322 842 3388 id,
865 3322 918 3374 nisi
939 3321 1064 3389 sapienti,

87 3417 165 3467 posse
180 3401 297 3454 concedi
341 3402 461 3468 Agamus
474 3401 558 3468 igitur
571 3402 675 3469 pingui,
687 3405 720 3453 ut
740 3400 826 3466 aiunt,
839 3400 972 3454 Minerva.
1019 3401 1063 3452 19.

88 3479 143 3542 Qui
167 3480 206 3531 ita
228 3497 256 3531 se
276 3485 388 3547 gemnt,
403 3481 444 3532 ita
457 3481 563 3546 11111111,
587 3484 620 3532 ut
641 3497 735 3532 eorum
759 3479 888 3546 probetur
906 3478 982 3545 fides,
997 3479 1067 3531 inte·

87 3558 179 3624 gritas,
205 3558 328 3626 aequitas,
352 3575 403 3611 nec
426 3559 461 3611 sit
482 3559 512 3610 in
535 3559 574 3610 eis
596 3559 653 3611 nlla
674 3558 819 3626 cupiditas,
834 3556 928 3623 libid0,
944 3559 1065 3622 audacia,

87 3637 199 3705 sintque
213 3654 312 3704 magna
325 3638 487 3704 constantia,
503 3642 535 3690 ut
553 3637 573 3688 ii
593 3638 714 3702 fuerunt,
730 3635 811 3688 niodo
825 3652 893 3703 quos
906 3636 1044 3688 nominavi

87 3715 138 3767 hos
152 3715 224 3767 viros
238 3715 332 3783 bonos,
348 3720 380 3767 ut
393 3716 481 3768 habiti
494 3720 569 3783 sunt,
585 3716 623 3768 sic
644 3715 727 3768 etiam
740 3714 915 3784 appellandos
929 3719 1020 3784 putem
