2436 4164
540 297 673 340 saurus.
728 305 732 316 ·
1060 284 1098 340 69

113 433 200 501 gratia
227 435 416 490 sublevabant.
470 436 532 490 Sex.
563 436 687 505 Pompeii
714 441 779 489 sunt
806 437 907 506 scripta
932 454 983 491 nec
1013 437 1095 491 nimis

112 517 269 604 extenuata,
298 531 457 583 quanquam
487 520 611 568 veterum
644 521 686 568 est
719 516 823 583 similis,
854 521 882 569 et
915 517 997 585 plena
1033 535 1096 585 pru·

111 593 261 725 ᾰθιὲἱῧὶ
306 674 355 727 98.
377 673 407 727 P.
426 673 553 726 Crassum
575 674 655 726 valde
673 673 818 742 probatum
841 678 976 728 oratorem
997 674 1094 728 iisdem

110 751 169 804 fere
181 751 352 819 temporibus
365 752 526 819 accepimus,
542 753 591 820 qui
614 757 643 806 et
664 753 774 820 ingenio
788 755 876 806 valuit
897 759 925 806 et
947 753 1040 808 studio
1062 759 1091 807 et

7 875 8 888 ,
110 830 210 884 habuit
231 831 364 898 quasdam
388 831 471 884 etiam
492 832 655 885 domesticas
675 832 838 900 disciplinas.
883 833 957 886 Nam
977 837 1005 886 et
1029 850 1091 888 cum

7 909 8 930 l
111 927 219 962 summo
240 910 288 962 illo
309 915 425 976 oratore,
442 910 497 964 Ser.
520 911 616 977 Galba,
638 911 717 979 cujus
740 911 805 965 Ouio
828 912 885 965 filio
909 912 993 966 filiam
1013 930 1091 966 suam

110 989 297 1054 collocaverat,
315 989 448 1042 affinitate
471 1007 529 1042 sese
553 991 715 1043 devinxerat
736 995 775 1057 et,
791 1007 853 1044 cum
867 995 938 1044 esset
952 991 982 1045 P.
1001 991 1090 1045 Mucii

109 1068 183 1120 filius
197 1069 364 1136 fratremque
377 1069 490 1122 haberet
503 1069 534 1122 P.
553 1069 712 1136 Scaevolam,
728 1070 804 1123 domi
821 1071 868 1138 jus
890 1071 969 1124 civile
992 1088 1089 1140 cogno—

108 1152 194 1200 verat.
240 1147 274 1199 In
288 1165 320 1200 eo
333 1147 496 1200 industriam
509 1153 617 1202 constat
630 1166 764 1202 summam
784 1150 868 1203 irrisae
888 1151 1090 1218 maximamque

107 1227 235 1294 gratiam,
261 1243 323 1279 cum
344 1231 373 1280 et
397 1228 582 1280 consuleretur
602 1229 752 1296 plurimum
775 1233 804 1280 st
825 1229 935 1282 diceret.
979 1229 1089 1282 Horum

107 1307 238 1358 aetatibus
264 1306 389 1374 adjuncti
412 1306 467 1358 duo
490 1307 518 1360 0.
544 1307 652 1374 Fannii,
682 1307 710 1361 0.
741 1311 770 1360 et
797 1308 835 1362 M.
868 1308 927 1374 filii,
956 1310 1069 1362 fuerunt
1080 1329 1088 1374 ;

107 1402 226 1452 quorum
240 1383 298 1437 caii
309 1385 389 1452 iilius,
402 1385 450 1454 qui
460 1387 555 1438 consul
565 1403 628 1439 cum
636 1386 759 1440 Domitio
767 1387 830 1454 fuit,
843 1405 924 1440 unam
937 1388 1088 1440 orationem

106 1465 143 1517 de
157 1465 236 1517 sociis
249 1468 278 1516 et
291 1465 401 1517 nomine
422 1465 521 1517 Latino
534 1471 630 1518 contra
643 1466 670 1518 0.
689 1465 842 1518 Gracchum
855 1466 967 1533 reliquit
980 1483 1044 1520 sano
1058 1471 1086 1520 et

105 1543 207 1596 bonam
229 1547 257 1596 et
284 1543 411 1598 nobilem.
465 1545 536 1596 Tum
559 1545 689 1598 Atticus:
721 1543 795 1608 Quid
816 1545 901 1612 ergol
930 1549 1007 1597 estne
1033 1545 1087 1598 ista

105 1623 227 1676 Fanniil
246 1639 311 1674 nam
326 1623 400 1676 varia
417 1623 509 1690 opinio
522 1623 613 1690 pueris
636 1623 715 1677 nobis
728 1629 793 1677 crat.
837 1624 895 1676 Alii
908 1641 924 1677 a
938 1623 966 1677 0.
981 1623 1083 1691 Persio,

104 1701 230 1754 litterato
252 1702 372 1768 homine,
398 1703 526 1770 scriptam
547 1719 605 1755 esse
628 1703 746 1770 aiebant,
772 1703 820 1756 illc
847 1720 929 1772 quem
952 1703 1086 1770 significat

104 1781 187 1834 valde
200 1781 312 1834 doctum
325 1799 383 1834 asae
403 1781 542 1846 Lucilius3
563 1783 610 1836 alii
629 1783 731 1836 multos
750 1783 864 1850 nobiles,
881 1782 956 1850 quod
969 1783 1085 1851 quisque

105 1861 250 1927 potuisset,
275 1860 305 1912 in
331 1861 408 1912 iliam
441 1862 592 1914 orationem
624 1861 778 1916 contulisse.
832 1863 896 1916 100.
931 1862 1001 1914 Tum
1023 1878 1080 1930 ego,

104 1939 211 1992 Audivi
224 1939 351 2008 equidem
364 1940 427 2006 ista,
442 1940 563 2008 inquam,
575 1940 610 1993 de
624 1941 772 2008 majoribus
785 1945 864 2008 natu,
880 1940 928 1994 sed
941 1958 1083 2009 nunquam

105 2035 168 2071 sum
182 2019 318 2072 adductus
331 2023 364 2071 ut
378 2019 534 2084 crederem3
555 2036 668 2087 eamque
689 2019 869 2087 suspicionem
889 2023 1001 2087 propter
1013 2019 1084 2074 hanc

105 2115 213 2151 causam
229 2099 308 2150 credo
331 2099 424 2165 fuisse,
442 2099 517 2166 quod
530 2099 652 2150 Fannius
673 2099 703 2150 in
724 2098 907 2150 mediocribus
930 2098 1082 2151 oratoribus

104 2177 217 2230 habitus
230 2180 309 2243 esset,
326 2177 413 2230 oratio
426 2182 520 2230 autem
540 2177 585 2230 vel
608 2177 712 2244 optima
734 2181 805 2228 esset
828 2176 876 2228 illo
890 2175 1001 2243 quidem
1014 2182 1082 2230 tem-

104 2273 171 2324 pore
185 2255 340 2309 orationum
353 2256 484 2310 omnium.
529 2255 580 2309 Sed
603 2273 654 2308 nec
674 2255 810 2323 ejusmodi
829 2255 1082 2324 estutapluribus

104 2335 220 2388 confusa
232 2334 471 2388 videatur-unus
484 2335 558 2388 euim
571 2352 654 2388 sonus
667 2338 710 2387 cst
723 2333 809 2387 totius
822 2334 953 2388 orationis
966 2339 994 2387 et
1007 2334 1081 2387 idem

104 2415 276 2466 stilus—nec
289 2413 324 2466 de
338 2414 431 2467 Persio
444 2415 596 2467 reticuisset
617 2413 764 2480 Gracchus,
780 2430 843 2466 cum
863 2413 889 2467 ei
906 2413 1028 2468 Fannius
1048 2415 1081 2468 de

104 2492 233 2546 Menelao
255 2493 419 2546 Maratheno
442 2498 470 2546 et
493 2493 527 2546 de
545 2493 642 2546 ceteris
664 2493 828 2561 objecisset;
848 2493 999 2560 praesertim
1019 2509 1081 2546 cum

95 2573 228 2632 ¹Fannius
241 2588 384 2639 nunquam
397 2571 433 2624 sit
445 2573 556 2626 habitus
569 2572 692 2640 elinguis.
745 2571 774 2624 N
775 2589 819 2624 am
834 2577 862 2624 et
876 2589 969 2624 causas
989 2571 1080 2624 defen·

104 2651 201 2703 sitavit
224 2655 252 2704 et
277 2651 435 2704 tribunatus
459 2651 527 2718 ejus,
543 2651 656 2704 arbitrio
680 2654 708 2703 et
732 2651 894 2703 auctoritate
908 2651 939 2703 P.
957 2649 1080 2702 Africani

103 2733 207 2797 gestus,
223 2747 280 2782 non
293 2730 423 2783 obscurus
436 2730 497 2784 fuit.
546 2732 608 2784 101.
632 2731 712 2782 Alter
730 2733 824 2782 autem
844 2728 872 2780 0.
890 2729 1022 2796 Fannius,
1038 2727 1077 2782 M.
1159 2775 1164 2786 ,

106 2809 189 2875 filius,
206 2808 235 2861 0.
252 2808 331 2861 Iraelii
343 2825 434 2876 gener,
447 2813 475 2862 et
488 2809 610 2860 moribus
623 2813 651 2862 et
664 2808 723 2875 ipso
736 2824 833 2875 genere
847 2807 956 2860 dicendi
976 2807 1076 2862 durior.

106 2888 135 2939 Is
148 2886 233 2941 soceri
245 2887 383 2954 instituto,
399 2905 490 2955 quem,
507 2887 572 2955 quia
585 2891 728 2954 cooptatus
741 2887 769 2938 iu
783 2903 919 2954 augurum
938 2886 1081 2954 collegium

105 2984 163 3020 non
177 2970 245 3033 erat,
261 2983 316 3019 non
330 2966 479 3020 admodum
493 2966 632 3034 diligebat,
648 2965 798 3033 praesertim
818 2982 882 3018 cum
901 2965 948 3018 ille
962 2964 993 3028 Q.
1013 2964 1081 3018 Scae·

105 3045 196 3099 volam
216 3045 268 3098 sibi
294 3045 427 3098 minorem
453 3050 522 3098 natu
547 3061 677 3112 genarum
703 3044 916 3112 praetulisset—,
932 3044 977 3097 cui
990 3047 1083 3096 tamen

105 3124 207 3177 Iaelius
233 3142 261 3178 se
288 3141 430 3189 exornans,
458 3141 515 3176 non
535 3141 634 3192 genero
660 3123 759 3176 minori
782 3123 853 3176 dixit
877 3141 905 3176 se
929 3123 1007 3189 illud,
1034 3123 1081 3175 sed

104 3203 204 3272 majori
223 3203 288 3256 filiae
314 3203 493 3269 detulisse—‚
508 3204 531 3256 is
545 3208 637 3270 tamen
663 3203 793 3256 instituto
820 3202 898 3254 Laelii
925 3201 1080 3254 Panaetium

105 3283 256 3336 audiverat.
299 3282 369 3350 Ejus
392 3281 480 3335 omnis
503 3283 533 3334 in
556 3282 672 3335 dicendo
693 3282 809 3334 facultas
822 3298 855 3332 ex
869 3280 983 3333 historia
995 3279 1081 3348 ipsius

106 3379 162 3414 non
184 3361 353 3430 ineleganter
374 3362 474 3429 scripta
496 3362 612 3430 perspici
634 3365 732 3430 potest,
750 3377 812 3428 quae
835 3376 925 3426 neque
944 3358 1027 3412 nimis
1040 3363 1082 3411 est

105 3440 197 3493 inians
220 3458 310 3509 neque
333 3441 452 3508 perfecte
473 3440 581 3494 diserta
639 3440 702 3492 102.
736 3438 846 3490 Mucius
868 3442 961 3490 autem
982 3455 1078 3506 augur,

106 3519 182 3586 quod
195 3537 244 3588 pro
258 3537 287 3572 se
300 3536 369 3587 opus
382 3523 449 3586 erat,
465 3520 522 3585 ipse
535 3519 652 3584 dicebat,
667 3521 700 3570 ut
723 3517 758 3568 de
779 3516 901 3584 pecuniis
923 3517 1082 3584 repetundis

107 3603 202 3651 contra
225 3597 254 3652 Τ.
280 3599 435 3651 Albucium.
480 3597 509 3648 Is
526 3601 663 3650 oratorum
683 3596 713 3648 in
733 3611 846 3647 numero
865 3611 922 3648 non
935 3595 999 3662 fuit,
1011 3595 1082 3664 juris

107 3677 194 3730 civilis
207 3677 391 3745 intelligentia
403 3680 487 3743 atque
500 3675 576 3728 omni
589 3675 742 3743 prudentiae
755 3691 853 3742 genere
866 3673 1003 3742 praestitit.
1048 3673 1077 3726 L

108 3755 207 3809 (laelius
220 3757 368 3824 Antipater
380 3755 503 3822 scriptor,
520 3753 751 3822 quemadmodum
765 3753 873 3821 videtis,
889 3753 953 3822 fuit,
968 3759 1001 3807 ut
1014 3757 1082 3806 tem·
