2436 4164
513 301 642 344 nnnrus.
1029 289 1067 345 41

90 460 170 496 causa
182 443 218 496 sit
231 443 355 510 neglecta
368 443 494 497 amicitia.
539 445 584 496 64.
609 443 708 510 Itaque
729 461 799 502 verae
813 443 939 496 amicitiae
963 442 1068 496 difficil-

88 522 153 574 lime
165 523 338 590 reperiuntur
345 523 375 574 in
385 522 427 588 iis,
441 523 489 589 qui
501 522 531 574 iu
544 523 692 574 honoribus
702 540 784 590 reque
795 523 903 590 publica
913 527 1063 574 versantur.

87 600 145 653 Ubi
165 602 238 654 enim
260 601 345 652 istum
365 601 498 667 invenias,
514 602 563 669 qui
583 601 713 653 honorem
733 602 812 654 amici
835 605 985 668 anteponat
999 603 1068 653 suol

87 679 183 742 Quid?
201 680 259 732 haec
272 684 305 732 ut
318 680 454 746 omittam,
470 697 552 746 quam
565 697 667 747 graves,
692 697 774 747 quam
798 679 918 733 difficiles
931 679 1067 746 plerisque

85 758 217 811 videntur
230 758 416 811 calamitatum
429 759 571 810 societates
585 761 591 811 ἔ
612 759 648 812 ed
658 776 726 826 quas
739 776 795 811 non
806 762 848 811 est
858 758 938 810 facile
951 757 1066 810 inventu

85 837 136 906 qui
148 837 321 891 descendant.
366 836 530 904 Quanquam
543 837 649 890 Ennius
662 841 734 890 recte
747 856 753 891 :

332 957 430 1007 Amica
441 964 514 1007 cetae
525 961 552 1006 ta
563 973 587 1005 re
598 958 688 1006 incerta
699 959 822 1013 cernitar,-

85 1080 178 1128 tamen
191 1076 249 1128 haec
263 1076 318 1128 duo
331 1075 451 1128 levitatis
460 1080 488 1128 et
496 1076 663 1129 infirmitatis
676 1076 818 1144 plerosque
830 1077 1006 1144 convincunt,
1018 1082 1066 1130 aut

84 1155 151 1207 siin
165 1155 243 1207 bonis
255 1155 337 1206 rebus
350 1159 538 1220 contemnunt,
555 1159 604 1208 aut
617 1155 646 1207 in
659 1155 738 1207 malis
752 1155 888 1208 desenmt.

124 1233 236 1286 XVIII.
261 1232 315 1296 Qui
328 1233 412 1300 igitur
425 1238 541 1301 utraque
555 1233 584 1285 in
604 1251 633 1286 re
654 1251 772 1301 gravem,
788 1239 967 1302 constantem,
984 1236 1065 1288 stabi-

83 1311 138 1364 lem
152 1330 181 1364 se
194 1313 223 1364 ln
237 1312 356 1364 amicitia
369 1312 536 1379 praestiterit,
552 1313 625 1365 hunc
648 1330 683 1364 ex
704 1314 822 1365 maxime
842 1331 902 1366 raro
923 1315 1065 1367 hominum

83 1408 182 1458 genere
192 1391 316 1458 judicare
329 1391 469 1458 debemus,
485 1396 513 1444 et
527 1408 603 1458 paene
617 1392 718 1446 divino.

126 1472 170 1524 65.
194 1470 411 1522 Firmamentum
424 1474 517 1522 autem
530 1470 688 1523 stabilitatis
711 1471 925 1538 constantiaeque
939 1475 981 1524 est
995 1472 1062 1539 ejus,

83 1565 168 1615 quam
180 1549 210 1600 in
223 1548 342 1601 amicitia
356 1549 512 1616 quaerimus,
529 1549 603 1602 fides.
637 1549 717 1601 Nihil
731 1549 827 1601 stabile
841 1554 882 1602 est
896 1549 978 1616 enim,
990 1551 1065 1618 quod

82 1627 201 1679 infidum
223 1631 271 1680 est.
316 1627 472 1694 Simplicem
492 1632 632 1696 praeterea,
649 1632 677 1680 et
698 1645 879 1694 communem,
903 1633 931 1680 et
953 1646 1064 1681 consen-

83 1705 208 1772 tientem,
223 1706 253 1758 id
266 1710 316 1772 est,
332 1706 381 1774 qui
393 1707 474 1758 rebus
487 1707 588 1759 eisdem
609 1713 759 1773 moveatur,
775 1707 838 1775 eligi
850 1725 899 1775 par
922 1711 982 1772 est:
1003 1725 1065 1776 quas

83 1785 176 1837 omnia
181 1785 319 1852 pertinent
327 1785 534 1838 adfidelitatem.
549 1785 647 1854 Neque
657 1786 730 1838 enim
740 1786 827 1838 fidum
832 1791 922 1854 potest
930 1804 987 1840 esse
995 1787 1064 1838 mul·

83 1863 172 1930 tiplex
184 1864 324 1931 ingenium
338 1868 366 1916 et
375 1868 546 1927 tortuosum
560 1881 649 1932 neque
662 1881 734 1931 vero,
749 1866 797 1932 qui
807 1882 863 1917 non
873 1865 974 1918 eisdem
984 1867 1064 1918 rebus

83 1947 218 2009 movetur,
234 1946 387 2010 naturaque
401 1943 547 2010 consentit,
563 1948 612 1996 aut
625 1943 697 1996 fidus
710 1948 759 1996 aut
773 1944 878 1996 stabilis
890 1949 981 2012 potest
995 1961 1063 1998 esse.

83 2021 253 2073 Addendum
266 2021 362 2073 eodem
374 2025 425 2087 est,
441 2026 474 2074 ut
498 2039 533 2074 ne
556 2022 723 2088 criminibus,
739 2026 789 2074 aut
809 2023 958 2075 inferendis
978 2023 1063 2074 delec-

82 2103 168 2166 tetur,
184 2104 233 2152 aut
256 2099 349 2152 credat
369 2100 467 2152 oblatis
481 2119 487 2154 ε
516 2118 578 2168 quae
591 2101 730 2167 pertinent
743 2101 834 2152 omnia
847 2101 882 2152 ad
896 2118 964 2167 eam,
981 2118 1064 2168 quam

79 2178 246 2245 jamdudum
258 2182 354 2245 tracto,
371 2179 559 2232 constantiam.
591 2179 637 2232 Ita
649 2179 682 2231 fit
695 2195 790 2231 verum
803 2179 882 2245 illud,
898 2179 972 2246 quod
984 2179 1064 2232 initio

83 2257 151 2322 dixi,
171 2257 327 2323 amicitiam,
344 2257 397 2309 nisi
420 2257 492 2310 inter
514 2258 609 2324 bonos,
632 2275 689 2310 esse
712 2274 768 2309 non
789 2274 873 2324 posse.
918 2258 969 2309 Est
990 2259 1064 2311 enim

82 2336 150 2388 boni
163 2336 224 2402 viri,
239 2353 323 2403 quem
336 2337 454 2388 eundem
467 2336 617 2404 sapientem
630 2337 694 2388 licet
717 2336 813 2401 dicere,
831 2335 889 2388 haec
902 2337 963 2402 duo,
971 2341 1063 2389 tenere

83 2415 113 2466 in
135 2415 255 2467 amicitia
269 2433 276 2468 ε
303 2415 433 2482 primum,
459 2432 494 2467 ne
518 2415 584 2482 quid
606 2415 702 2467 fictum
724 2415 769 2482 sit,
792 2433 861 2467 neve
885 2415 1043 2468 simulatum
1057 2436 1063 2479 ;

83 2497 176 2561 aperte
190 2493 264 2546 enim
276 2494 321 2545 vel
344 2493 441 2560 odisse,
457 2494 543 2561 magis
565 2494 678 2561 ingenui
700 2499 752 2560 est,
768 2511 850 2562 quam
871 2495 961 2546 fronte
975 2495 1063 2546 occul·

83 2577 143 2624 tare
157 2572 341 2636 sententiam
361 2571 469 2639 deinde,
485 2589 541 2624 non
555 2573 643 2624 solum
666 2573 701 2626 ab
724 2573 816 2640 aliquo
829 2573 926 2625 allatas
940 2572 1063 2625 crimina-

83 2652 173 2704 tiones
186 2651 325 2718 repellere,
341 2650 390 2703 sed
403 2668 438 2704 ne
451 2650 540 2718 ipsum
554 2651 665 2718 quidem
679 2669 736 2704 esse
757 2651 943 2718 suspiciosum,
960 2667 1064 2718 semper

83 2729 188 2797 aliquid
202 2730 403 2782 existimantem
416 2729 451 2781 ab
459 2729 546 2782 amico
559 2747 616 2782 esse
630 2731 770 2782 violatum.
806 2732 851 2783 66.
876 2729 995 2782 Accedat
1009 2730 1064 2782 huc

83 2809 205 2861 suavitas
228 2808 354 2876 quaedam
377 2811 485 2874 oportet
508 2825 662 2860 sermonum
685 2813 768 2876 atque
791 2825 907 2874 morum,
923 2808 1063 2876 haudqua-

83 2903 168 2954 quam
180 2886 314 2939 mediocre
324 2886 530 2938 condimentum
547 2887 680 2940 amicitiae.
725 2887 846 2940 Tristitia
866 2891 959 2938 autem
982 2891 1011 2939 et
1033 2887 1064 2940 iu

83 2965 160 3017 omni
173 2982 202 3017 re
216 2965 352 3030 severitas,
369 2964 452 3017 habet
474 2965 522 3017 illa
545 2966 657 3032 quidem
679 2966 861 3032 gravitatem:
883 2965 930 3018 sed
944 2966 1064 3018 amicitia

82 3043 220 3096 remissior
232 3061 289 3096 esse
302 3044 385 3096 debet
398 3047 427 3096 et
440 3043 549 3095 liberior
571 3049 600 3096 et
623 3044 727 3096 dulcior
740 3049 769 3097 et
782 3043 815 3096 ad
831 3060 939 3096 omnem
953 3045 1064 3097 comita-

1 3182 2 3189 ,
82 3127 141 3175 tem
154 3123 369 3190 facilitatemque
381 3123 532 3189 proclivior.

123 3201 205 3254 XIX
252 3199 296 3257 67.
331 3201 448 3252 Exsistit
461 3205 554 3253 autem
577 3201 709 3254 hocloco
733 3202 859 3269 quaedam
872 3202 988 3268 quaestio
1001 3201 1064 3253 sub·

82 3280 201 3332 difficilis
214 3298 220 3332 :
240 3297 308 3332 num
322 3280 433 3346 quando
446 3280 525 3332 amici
535 3280 608 3346 novi,
621 3281 697 3346 digni
710 3281 836 3348 amicitia,
850 3280 987 3332 veteribus
1008 3279 1064 3332 sint

82 3359 278 3426 anteponendi,
309 3363 342 3410 ut
368 3357 446 3426 equis
473 3359 572 3411 vetulis
598 3363 706 3411 teneros
738 3363 902 3426 anteponere
935 3357 1059 3410 solemus.

83 3437 203 3505 Indigna
215 3437 325 3490 homine
339 3437 483 3490 dubitatio.
528 3437 557 3488 N
558 3455 593 3490 on
604 3437 677 3489 enim
690 3437 791 3489 debent
801 3436 981 3488 amicitiarum
995 3450 1061 3502 esse,

82 3517 155 3569 sicut
167 3516 283 3568 aliarum
296 3533 394 3581 rerum,
411 3515 556 3569 satietates.
592 3515 746 3568 Veterrima
759 3531 882 3582 quaeque,
900 3517 933 3565 ut
946 3531 978 3566 ea
987 3514 1061 3580 vina,

82 3609 146 3664 quae
159 3598 325 3646 vetustatem
338 3595 441 3660 ferunt,
454 3611 511 3646 esse
525 3594 626 3646 debent
639 3593 798 3646 suavissima
812 3611 817 3646 :
831 3609 981 3660 verumque
994 3592 1063 3646 illud

82 3678 135 3740 est,
151 3673 226 3742 quod
250 3671 360 3739 dicitur,
375 3673 477 3724 multos
500 3673 605 3724 modios
626 3672 690 3724 salis
711 3672 793 3724 simul
806 3670 925 3724 edendos
949 3689 1015 3737 esse,
1031 3676 1063 3724 ut

83 3753 210 3806 amicitiae
224 3768 325 3804 munus
347 3752 488 3819 expletum
509 3752 553 3806 sit.
599 3753 644 3804 68.
668 3750 814 3803 Novitates
827 3754 929 3818 autem,
942 3747 967 3803 si
987 3767 1063 3819 spem
