2436 4164
519 271 648 316 LAELIUS.

88 409 147 462 ista
167 411 319 463 securitas?
338 411 425 478 specie
449 411 561 479 quidem
583 412 693 478 blanda,
708 413 756 464 sed
778 429 871 479 reapse
895 412 988 464 multis
1007 412 1073 466 locis

87 488 268 556 repudianda
313 489 412 558 Neque
432 491 505 542 enim
525 495 567 543 est
590 496 803 544 consentaneum
824 491 910 542 ullam
929 491 1072 543 honestam

87 583 150 618 rem
163 568 341 634 actionemve,
357 586 391 621 ne
405 569 537 621 sollicitus
550 570 595 635 sis,
611 574 660 622 aut
681 587 737 622 non
757 569 890 636 suscipere
904 573 953 622 aut
966 586 1072 637 suscep-

87 651 150 698 tam
163 647 305 714 deponere.
350 647 430 710 Quod
451 649 474 699 si
494 665 586 700 curam
606 649 735 716 fugimus,
750 649 839 700 virtus
859 648 988 716 fugienda
1009 653 1071 714 est;

87 742 155 792 quae
167 743 275 778 necesse
297 731 339 778 est
352 743 415 778 cum
428 727 520 794 aliqua
533 743 597 779 cura
610 744 653 778 res
675 727 726 779 sibi
746 727 894 779 contrarias
912 732 1072 794 aspernetur

86 808 176 871 atque
189 804 287 871 oderit,
302 810 335 857 ut
355 805 463 858 bonitas
475 805 618 872 malitiam,
633 806 813 873 temperantia
832 805 981 872 libidinem,
997 807 1071 873 igna-

87 883 165 934 viam
188 884 329 936 fortitudo.
374 883 473 952 Itaque
493 884 585 936 videas
603 885 684 936 rebus
710 885 821 952 injustis
841 885 932 951 justos
952 886 1071 938 maxime

87 961 192 1028 dolere,
212 963 367 1015 imbellibus
388 963 479 1028 fortes,
497 963 636 1030 flagitiosis
658 963 802 1015 modestos.
847 963 919 1030 Ergo
942 963 993 1016 hoc
1011 982 1071 1032 pro

87 1041 181 1108 prium
195 1046 236 1093 est
249 1041 334 1094 animi
348 1042 416 1093 bene
431 1042 584 1106 constituti,
600 1046 629 1094 et
642 1042 730 1095 laetari
743 1043 822 1094 benis
835 1042 924 1108 rebus,
937 1047 965 1094 et
979 1043 1070 1096 dolere

87 1121 240 1172 contrariis.
286 1123 331 1173 48.
357 1120 539 1183 Quamobrem
553 1121 576 1172 si
589 1121 662 1172 cadit
683 1118 713 1173 in
731 1121 882 1188 sapientem
895 1121 980 1173 animi
994 1122 1071 1175 dolor

88 1199 151 1266 (qui
164 1199 285 1266 profecto
299 1199 382 1265 cadit,
393 1199 446 1251 nisi
459 1216 494 1252 ex
508 1199 567 1267 ejus
581 1199 672 1251 animo
683 1200 861 1267 exstirpatam
870 1199 1070 1254 humanitatem

87 1277 275 1346 arbitramur),
298 1295 359 1345 quae
381 1295 462 1330 causa
482 1283 532 1343 est,
556 1294 604 1329 cur
628 1278 774 1330 amicitiam
795 1278 921 1330 funditus
941 1279 1070 1332 tollamus

87 1372 104 1406 e
125 1357 192 1422 vita,
207 1373 242 1408 ne
263 1357 367 1426 aliquas
390 1361 501 1424 propter
520 1373 580 1409 eam
601 1357 777 1424 suscipiamus
800 1357 957 1409 molestias?
997 1358 1070 1421 Quid

87 1434 163 1486 enim
183 1435 306 1501 interest,
322 1440 400 1487 motu
420 1436 513 1487 animi·
525 1435 641 1501 sublato,
657 1452 713 1487 non
727 1435 788 1487 dico
805 1435 878 1486 inter
890 1436 1021 1501 pecudem
1041 1443 1069 1489 et

87 1513 235 1580 hominem,
262 1515 310 1566 sed
336 1515 408 1566 inter
434 1514 573 1567 hominem
599 1517 627 1565 et
653 1518 790 1578 trrmcum,
814 1517 862 1565 aut
888 1530 995 1580 saxum,
1020 1521 1069 1568 aut

88 1592 199 1659 quidvis
216 1594 321 1660 generis
341 1593 484 1660 ejusdem?
523 1593 622 1660 Neque
643 1592 716 1644 enim
729 1596 795 1644 sunt
807 1592 855 1644 isti
867 1592 1003 1660 audiendi,
1021 1595 1069 1662 qui

88 1671 221 1724 virtutem
235 1672 331 1724 duram
351 1677 380 1724 et
404 1671 482 1740 quasi
504 1671 619 1723 ferream
639 1688 696 1723 esse
716 1671 854 1739 quandam
867 1671 965 1723 volunt
980 1691 986 1725 :
1007 1691 1069 1741 quae

88 1750 201 1816 quidem
215 1756 257 1803 est
270 1769 356 1818 quum
370 1751 465 1803 multis
478 1750 508 1802 in
521 1751 610 1815 rebus,
625 1754 686 1802 tum
700 1751 729 1802 in
743 1750 862 1802 amicitia
879 1755 973 1802 tenera
986 1757 1069 1820 atque

88 1829 248 1896 tractabilis,
261 1834 294 1882 ut
307 1834 336 1882 et
349 1830 428 1881 bonis
442 1830 522 1881 amici
536 1829 613 1896 quasi
627 1829 827 1896 diffundantur,
843 1833 871 1881 et
891 1830 1069 1883 incommodis

88 1907 292 1960 contrahentur.
337 1907 518 1971 Quamobrem
541 1925 626 1975 angor
652 1909 712 1974 iste,
737 1909 785 1975 qui
811 1925 860 1975 pro
884 1908 970 1960 amico
997 1927 1068 1977 soepe

88 1987 236 2054 capiendus
257 1991 307 2053 est,
323 2005 379 2039 non
400 1991 511 2040 tantum
531 1987 612 2050 valet,
628 1992 660 2038 ut
680 1987 761 2038 tollat
784 2004 799 2038 e
821 1987 879 2038 vita
902 1987 1067 2041 amicitiam:

88 2083 145 2117 non
158 2066 229 2134 plus,
245 2083 328 2133 quam
341 2070 374 2118 ut
387 2067 513 2132 virtutes,
529 2065 594 2132 quia
615 2065 761 2117 nonnullas
783 2081 860 2117 curas
881 2070 909 2116 et
929 2066 1068 2118 molestias

87 2147 216 2212 afferrmt,
231 2145 416 2212 repudientur.

128 2223 208 2276 XIV.
234 2223 326 2287 Quum
347 2228 439 2276 autem
461 2223 604 2275 contrahat
626 2223 781 2289 amicitiam,
801 2227 834 2274 ut
855 2239 936 2289 supra
957 2223 1024 2291 dixi,
1045 2226 1068 2277 si

88 2320 144 2370 qua
166 2303 326 2370 significatio
349 2303 459 2354 virtutis
482 2301 596 2368 eluceat,
623 2302 658 2354 ad
685 2319 767 2369 quam
790 2318 818 2352 se
843 2301 938 2353 similis
960 2303 1067 2356 animus

88 2381 205 2448 applicet
226 2385 255 2433 et
276 2381 427 2448 adjungat:
448 2381 478 2432 id
499 2397 584 2448 quum
605 2381 747 2448 contingit,
768 2397 843 2432 amor
863 2381 1002 2432 exoriatur
1020 2400 1066 2434 ne-

89 2477 161 2512 ccsse
187 2464 236 2512 est.
281 2462 326 2512 49.
358 2459 431 2523 Quid
458 2459 532 2510 enim
557 2464 616 2510 tam
642 2459 799 2525 absurdum,
829 2476 912 2526 quam
938 2459 1067 2513 delectari

89 2539 184 2590 multis
204 2538 331 2590 inanibus
353 2538 443 2604 rebus,
466 2542 498 2589 ut
521 2537 632 2603 honore,
657 2541 690 2589 ut
713 2537 807 2604 gloria,
829 2542 862 2589 ut
886 2537 1009 2605 aedificic,
1035 2544 1067 2591 ut

89 2618 191 2669 vestitu
214 2617 345 2684 cultuque
369 2617 507 2683 corporis;
528 2617 619 2668 animo
642 2620 735 2668 autem
758 2616 861 2667 virtute
884 2617 1009 2684 praedite,
1034 2636 1066 2670 eo

90 2697 137 2763 qui
150 2696 193 2747 vel
207 2713 305 2760 amare,
320 2696 362 2747 vel
372 2695 415 2763 (ut
428 2695 468 2747 ita
481 2695 580 2762 dicam)
589 2694 727 2746 redamare
741 2695 833 2760 possit,
849 2711 905 2747 non
918 2695 1066 2750 admodum
1085 2729 1088 2736 ν

90 2775 237 2827 delectaril
277 2773 356 2826 Nihil
376 2778 418 2826 est
438 2774 511 2826 enim
531 2772 748 2825 remuneratione
768 2772 973 2840 benevolentiae,
996 2775 1066 2828 nihil

90 2853 277 2906 vicissitudine
303 2853 456 2905 studiorum
482 2852 684 2919 officiorumque
701 2851 858 2918 jucundius.
903 2855 948 2906 50.
973 2852 1066 2916 Quidl

91 2933 114 2984 si
125 2932 193 2984 illud
207 2933 290 2984 etiam
303 2932 439 2996 addimus,
454 2931 529 2998 quod
542 2934 615 2982 recte
635 2929 700 2982 addi
712 2933 812 2997 potest,
827 2930 897 2982 nihil
910 2949 975 2998 esse,
992 2934 1065 3000 quod

91 3011 125 3062 ad
137 3028 165 3062 se
177 3027 236 3062 rem
249 3011 334 3062 ullam
344 3014 401 3062 tam
414 3009 516 3062 alliciat
526 3013 554 3061 et
564 3013 622 3061 tam
634 3009 764 3075 attrabat,
775 3025 858 3076 quam
871 3010 906 3061 ad
919 3011 1065 3064 amicitiam

91 3089 257 3142 similitudo:
285 3089 449 3141 concedetur
472 3088 593 3150 profecto
619 3105 711 3140 verum
738 3105 804 3154 esse,
830 3093 863 3140 ut
888 3089 974 3141 bonos
1000 3091 1065 3142 boni

91 3167 203 3234 diligant
216 3168 420 3234 adsciscantque
433 3167 485 3220 sibi
498 3167 576 3233 quasi
595 3166 797 3234 propinquitate
810 3167 969 3234 conjunctos
982 3172 1065 3235 atque

91 3249 192 3298 natura
236 3246 316 3298 Nihil
328 3250 370 3298 est
383 3246 456 3298 enim
469 3246 641 3313 appetentius
658 3245 788 3297 similium
801 3247 853 3311 sui,
869 3263 919 3298 nec
931 3247 1062 3313 rapacius,

92 3341 171 3392 quam
196 3328 302 3378 natura
346 3324 528 3387 Quamobrem
551 3323 602 3376 hoc
626 3323 746 3391 quidem,
770 3323 859 3376 Fanni
881 3328 910 3375 et
933 3325 1062 3392 Scaevola,

92 3407 204 3469 mactat,
223 3406 256 3455 ut
275 3403 380 3470 opinor,
396 3402 474 3454 bonis
493 3403 566 3454 inter
585 3402 670 3454 bonos
690 3403 768 3469 quasi
787 3402 964 3454 necessariam
984 3403 1062 3456 bene·

92 3481 254 3544 volentiam
275 3482 324 3550 qui
343 3485 385 3533 est
404 3481 531 3534 amicitiae
557 3482 618 3536 fons
638 3497 654 3533 a
676 3485 775 3532 natura
794 3480 965 3534 constitutus
1011 3482 1040 3534 ss

92 3560 183 3612 eadem
195 3560 304 3612 bonitas
317 3561 401 3612 etiam
414 3560 449 3612 ad
468 3559 674 3612 multitudinem
687 3559 814 3626 pertinet.
857 3559 924 3612 Non
937 3560 1010 3612 enim
1024 3582 1027 3592 2

92 3638 238 3691 inhumana
256 3640 352 3705 virtus,
369 3655 459 3706 neque
478 3637 616 3704 immunis,
636 3654 725 3706 neque
745 3636 878 3704 superba:
898 3655 961 3706 quae
981 3639 1018 3691 eti

93 3717 202 3786 populos
220 3718 361 3770 universos
379 3717 461 3785 tueri,
477 3717 570 3785 eisque
589 3715 690 3784 optime
710 3716 848 3769 consulere
867 3717 970 3771 soleas:
991 3735 1013 3786 qr
