2436 4164
138 307 177 362 70
451 323 487 364 n.
508 321 618 363 ronan
638 321 806 364 crcraoars

137 463 247 531 poribus
270 463 333 530 illis,
352 463 517 529 luculentus,
535 462 606 530 juris
626 461 706 514 valde
727 461 840 530 peritus,
856 462 1007 516 multorum
1022 464 1117 532 etiam,

137 547 169 595 ut
184 542 213 595 L
232 542 329 610 Crassi,
345 543 481 610 magister.

176 621 301 675 XXVII.
348 623 412 675 103.
447 621 560 673 Utinam
582 620 612 672 in
639 619 678 673 Ti.
704 619 827 674 Graccho
847 620 966 688 Gaioque
994 621 1120 674 Carbone

135 701 198 753 talis
221 717 299 754 mens
320 700 356 753 ad
379 717 437 752 rem
458 700 596 768 publicam
615 699 684 752 bene
698 699 845 766 gerendam
858 699 963 766 fmsset,
980 701 1063 768 quale
1076 701 1119 752 in·

136 780 247 848 genium
261 780 296 833 ad
310 780 380 832 bene
400 778 547 831 dicendum
566 778 621 830 fuit
635 796 642 832 ε
662 778 784 846 profecto
802 795 883 830 nemo
896 778 939 830 his
952 780 1018 831 viris
1031 779 1119 848 gloria

135 859 314 927 praestitisset.
364 857 418 910 Sed
439 875 533 910 eorum
555 857 625 910 alter
645 861 756 924 propter
776 857 1043 910 turbulentissimum
1068 859 1118 910 tri·

135 938 281 1005 bunatum,
296 937 331 990 ad
346 954 428 1005 quem
450 954 484 988 ex
506 936 610 988 invidia
631 935 741 988 foederis
755 935 922 988 Numantini
935 937 1014 988 bonis
1027 937 1116 990 iratus

135 1022 290 1083 accesserat,
308 1017 343 1069 ab
355 1017 414 1084 ipsa
427 1034 456 1068 re
471 1015 579 1083 publica
592 1019 634 1067 est
647 1014 807 1067 interfectus
821 1033 828 1077 ;
848 1015 919 1067 alter
931 1020 1043 1084 propter
1055 1033 1117 1085 per·

135 1101 247 1164 petuam
268 1097 297 1148 in
321 1095 447 1162 populari
467 1094 573 1147 ratione
596 1095 738 1146 levitatem
755 1098 843 1146 morto
866 1095 1022 1148 voluntaria
1045 1112 1075 1148 se
1098 1113 1116 1148 a

135 1176 279 1228 severitate
289 1174 416 1243 judicum
429 1173 581 1226 vindicavit
593 1193 600 1237 ;
620 1173 668 1224 sed
681 1172 736 1224 fuit
749 1178 865 1240 uterque
876 1190 998 1226 summus
1011 1179 1110 1228 orator.

138 1256 201 1308 104.
227 1255 322 1323 Atque
341 1253 394 1306 hoc
413 1252 544 1305 memoria
564 1257 673 1320 patrum
686 1256 757 1304 teste
772 1252 887 1304 dicimus
902 1271 909 1316 ;
929 1257 1037 1307 namet
1051 1253 1115 1306 Oar-

134 1334 213 1387 bonis
237 1337 265 1386 et
286 1332 402 1386 Gracchi
418 1332 549 1385 habemus
570 1332 707 1384 orationes
729 1331 853 1384 nondum
873 1331 939 1383 satis
957 1332 1114 1400 splendidae

24 1479 27 1486 ⁴
135 1413 234 1480 verbis,
249 1413 298 1465 sed
321 1418 415 1465 acutas
438 1411 647 1480 prudentiaeque
668 1409 844 1478 plenissimas
888 1410 956 1462 Fuit
975 1411 1114 1464 Gracchus

135 1493 277 1560 diligentia
299 1491 431 1544 Corneliae
451 1491 547 1543 matris
569 1507 586 1542 a
607 1506 692 1558 puero
716 1489 814 1541 doctus
837 1493 865 1540 et
889 1489 991 1542 Graecis
1014 1491 1115 1543 litteris

135 1573 268 1625 eruditus.
315 1571 389 1624 Nam
402 1587 509 1637 semper
521 1569 619 1621 habuit
632 1568 782 1636 exquisitos
796 1585 811 1620 e
832 1568 937 1620 Graecia
957 1570 1109 1637 magistros,

135 1651 164 1703 in
186 1652 225 1703 eis
244 1651 300 1718 jam
326 1649 482 1702 adolescens
506 1649 678 1716 Diophanem
702 1647 902 1714 Mitylenaeum,
919 1647 1031 1701 Graeciae
1044 1653 1114 1702 tem·

135 1730 247 1797 poribus
259 1729 314 1781 illis
327 1727 542 1780 disertissimum.
589 1729 645 1780 105
667 1726 718 1778 Sed
734 1727 759 1778 ei
779 1727 861 1778 breve
881 1730 990 1794 tempus
1010 1727 1115 1796 ingenii

136 1808 254 1876 augendi
267 1811 296 1860 et
309 1807 466 1859 declarandi
479 1807 534 1858 fuit
548 1825 555 1869 ;
576 1805 670 1872 Carbo,
689 1805 732 1858 cui
747 1805 804 1858 vita
817 1805 1010 1873 suppeditavit,
1029 1811 1071 1860 est
1083 1808 1113 1860 in

135 1887 231 1938 multis
240 1886 352 1954 judiciis
372 1886 513 1953 causisque
535 1885 666 1952 cognitus.
711 1883 796 1937 Hunc
819 1885 868 1953 qui
888 1885 1032 1947 atrdierant
1050 1903 1114 1954 pru-

136 1967 233 2018 dentes
245 1965 376 2032 hominee‚
393 1965 423 2016 in
444 1965 544 2032 quibus
564 1963 706 2017 familiaris
726 1968 819 2016 noster
840 1963 870 2016 L
888 1963 1001 2031 Gellius,
1019 1965 1068 2033 qui
1086 1983 1116 2019 se

135 2045 177 2098 illi
208 2045 430 2098 contubernalem
457 2044 486 2096 iu
522 2044 665 2096 consulatu
701 2043 784 2095 fuisse
820 2043 957 2110 narrabat,
984 2061 1115 2097 canorum

136 2129 272 2178 oratorem
295 2129 324 2176 et
337 2124 487 2176 volubilem
511 2129 539 2175 et
561 2123 626 2175 satis
648 2139 744 2184 acrem,
761 2127 845 2189 atque
859 2122 976 2176 eundem
992 2127 1021 2176 et
1033 2123 1115 2176 vehe-

136 2210 257 2257 mentem
271 2209 299 2256 et
312 2203 392 2255 valde
405 2202 514 2254 dulcem
528 2207 557 2254 et
566 2203 735 2269 perfacetum
743 2201 828 2253 fuisse
837 2201 945 2254 dicebat
958 2221 964 2264 ;
985 2201 1114 2269 addebat,

136 2283 303 2335 industrium
326 2281 410 2333 etiam
433 2287 461 2332 et
483 2281 642 2348 diligentem
666 2285 694 2332 et
717 2281 747 2332 in
774 2278 1016 2334 exercitationibus
1043 2299 1115 2334 com-

137 2361 405 2428 mentationibusque
425 2360 545 2411 multum
567 2375 655 2426 operae
676 2359 788 2410 solitum
812 2375 869 2410 esee
890 2376 996 2426 ponere.
1044 2362 1110 2414 106.

137 2439 192 2492 Hic
205 2439 325 2506 optimus
338 2439 392 2490 illis
405 2438 574 2506 temporibus
589 2441 630 2488 est
643 2441 775 2504 patronus
788 2437 907 2504 habitus,
924 2455 1010 2506 eoque
1024 2439 1117 2491 forum

137 2523 248 2570 tenente
262 2517 341 2585 plura
354 2517 412 2568 fieri
424 2516 530 2583 judicia
543 2521 691 2583 ccepenmt.
747 2516 772 2567 N
776 2533 821 2567 am
834 2521 863 2569 et
876 2517 1042 2584 quaestiones
1055 2535 1116 2586 per-

136 2602 227 2665 petuae
254 2597 305 2649 hoc
332 2595 502 2648 adolescente
529 2595 688 2647 constitutae
722 2599 796 2661 sunt,
826 2612 889 2662 quae
915 2607 997 2648 antea
1029 2597 1115 2649 uullae

136 2677 250 2728 fuerunt
264 2695 270 2740 ;
291 2676 321 2728 L
339 2675 412 2726 enim
421 2672 484 2726 Piso
492 2674 620 2726 tribunus
630 2673 716 2740 plebis
728 2674 816 2740 legem
829 2675 933 2741 primus
946 2675 981 2727 de
994 2675 1117 2742 pecuniis

137 2755 296 2821 repetundis
320 2754 469 2806 Censorino
493 2757 521 2805 et
545 2751 661 2805 Manilio
685 2753 842 2805 consulibus
855 2752 1019 2821 tulit—ipse
1033 2755 1117 2806 etiam

138 2833 202 2885 Piso
216 2839 245 2886 et
259 2850 352 2886 causas
365 2834 421 2900 egit
435 2836 463 2884 et
476 2832 627 2884 multarum
640 2831 732 2899 legum
745 2835 796 2883 aut
808 2836 903 2884 auctor
916 2837 964 2884 aut
979 2830 1117 2886 dissuasor

138 2912 202 2977 fuit,
231 2913 308 2978 isque
336 2915 364 2962 et
391 2911 527 2963 orationes
554 2910 675 2977 reliquit,
705 2927 767 2978 quae
791 2910 850 2978 jam
877 2915 1056 2976 evanuerunt,
1088 2917 1118 2963 et

137 2991 249 3042 annales
262 3007 327 3042 sane
340 2989 448 3041 exiliter
462 2990 626 3056 scriptos—5
640 2993 669 3041 et
679 2989 785 3057 judicia
797 2989 900 3056 populi,
913 2990 1014 3057 quibus
1022 2990 1119 3043 aderat

138 3069 234 3135 Carbo,
247 3069 305 3136 jam
319 3068 405 3134 magis
428 3073 576 3134 patronum
594 3067 785 3120 desiderabant
806 3068 908 3120 tabella
928 3068 1012 3133 data;
1033 3085 1119 3137 quam

137 3148 225 3215 legem
238 3148 267 3200 L.
287 3146 394 3199 Cassius
407 3145 510 3213 Lepido
524 3151 552 3198 et
566 3143 696 3198 Mancino
710 3146 866 3198 consulibus
878 3146 953 3199 tulit.

178 3226 318 3279 XXVIII.
366 3224 430 3282 107.
456 3225 556 3277 Vester
577 3228 659 3278 etiam
684 3225 717 3277 D.
735 3225 840 3276 Brutus
862 3225 902 3278 M.
928 3226 1012 3293 filius,
1026 3231 1060 3278 ut
1084 3245 1120 3278 ex

138 3306 265 3359 familiari
278 3306 338 3373 ejus
354 3305 384 3358 L.
403 3305 485 3356 Accio
499 3309 580 3371 poeta
599 3321 660 3357 sum
684 3303 779 3356 audim
793 3304 899 3370 solitus,
915 3309 944 3356 et
958 3306 1048 3358 dicere
1061 3322 1118 3357 non

138 3385 242 3437 inculte
255 3385 360 3436 solebat
382 3387 410 3435 et
432 3388 492 3436 erat
516 3400 578 3435 cum
598 3383 699 3434 litteris
713 3382 819 3435 Latinis
831 3387 893 3436 tum
906 3385 991 3436 etiam
1005 3383 1118 3451 Graecis,

138 3467 171 3514 ut
184 3463 352 3530 temporibus
365 3463 429 3528 illis,
440 3463 571 3514 eruditus.
605 3461 673 3524 Quae
686 3461 827 3514 tribuebat
840 3461 915 3515 idem
926 3464 1025 3516 Accius
1035 3461 1121 3515 etiam

139 3539 170 3604 Q.
189 3541 320 3606 Merme,
338 3541 367 3595 L.
394 3542 476 3594 Pauli
497 3541 610 3609 nepoti;
631 3545 659 3591 et
683 3557 748 3592 vero
769 3545 835 3592 aute
859 3541 1022 3608 Maximum,
1039 3541 1120 3594 illum

139 3620 300 3686 scipionem,
318 3637 374 3687 quo
398 3621 467 3672 duce
485 3619 592 3685 privato
617 3618 655 3670 Ti.
675 3618 813 3671 Gracchus
833 3620 938 3672 occisus
958 3624 1039 3684 esset,
1056 3637 1120 3672 cum

174 3697 268 3750 mibus
292 3699 321 3750 in
345 3699 426 3749 rebus
444 3697 633 3749 vehementem
651 3701 713 3748 tum
735 3713 825 3749 acrem
841 3699 931 3750 aiebat
951 3699 982 3750 in
1002 3699 1122 3751 dicendo

190 3793 229 3828 se.
275 3779 339 3829 108.
365 3776 435 3826 mun
457 3775 540 3827 etiam
563 3775 594 3827 P.
613 3775 748 3828 Lentulus
771 3776 818 3828 ille
841 3777 975 3844 princepe,
1001 3777 1038 3830 ad
1061 3794 1123 3830 rem
