2436 4164
469 977 695 1058 liturus

365 1244 506 1303 CLARIS
538 1247 795 1309 ORATORIBUS.

532 1373 628 1407 ÷

565 1486 593 1548 I.

126 1614 151 1666 1.
177 1611 242 1666 (lou
261 1629 276 1667 e
296 1611 394 1669 0111011
406 1614 540 1668 decedens
553 1614 686 1668 Rhodum
699 1614 833 1668 venissem
854 1618 882 1667 01
903 1633 935 1668 00
955 1615 1023 1669 milri
1036 1617 1072 1670 de

81 1690 117 1756 Q.
135 1691 278 1744 Hortensii
290 1698 378 1746 morte
402 1699 472 1746 esset
496 1694 620 1761 allatum,
644 1693 771 1762 opinione
793 1694 917 1747 omnium
940 1692 1072 1767 majorem

79 1771 175 1824 animo
196 1772 254 1838 cepi
267 1772 395 1828 dolorem.
440 1773 469 1826 N
470 1790 515 1826 am
528 1777 557 1826 et
570 1771 657 1826 amico
672 1773 771 1825 smisso
792 1790 855 1825 cum
871 1775 1070 1828 consuetudine

77 1851 207 1918 jucunda
230 1854 292 1904 tum
314 1853 466 1906 multorum
486 1852 636 1906 officiorum
655 1852 849 1920 conjunctione
870 1871 914 1904 me
928 1854 1071 1921 privatum

79 1929 220 1996 videbam,
242 1935 270 1984 et
296 1930 411 1984 interitu
435 1931 499 1984 talis
523 1931 633 1999 auguris
657 1931 822 1999 dignitatem
848 1933 936 1984 nostri
964 1933 1071 2001 collegii

79 2008 256 2063 deminutam
270 2009 414 2074 dolebam3
436 2027 490 2078 qua
509 2010 539 2062 in
559 2010 724 2078 cogitatione
745 2015 773 2062 et
793 2015 953 2076 cooptatum
973 2027 1017 2064 me
1035 2012 1070 2064 ab

80 2105 115 2141 eo
134 2089 164 2140 in
178 2089 323 2158 collegium
339 2089 508 2156 recordabar,
524 2090 554 2141 in
570 2106 625 2156 quo
642 2089 754 2156 juratus
768 2088 905 2156 judicium
926 2089 1069 2156 dignitatis

80 2185 152 2220 111011
165 2168 276 2235 fecerat,
288 2173 317 2220 et
330 2169 525 2236 inauguratum
538 2168 573 2220 eb
587 2167 683 2220 eodem
696 2187 702 2231 ;
723 2185 757 2219 ex
771 2183 826 2234 quo
840 2183 976 2235 augurum
989 2168 1068 2220 insti-

80 2248 153 2299 tutis
172 2247 202 2299 in
222 2248 342 2315 parentis
358 2265 421 2300 eum
434 2247 494 2300 loco
508 2247 595 2300 colere
608 2245 748 2299 debebam.
795 2248 819 2299 2.
843 2247 971 2314 Augebat
985 2247 1069 2300 etiam
1121 2274 1133 2293 ι

80 2326 237 2379 molestiam
251 2326 326 2394 quod
344 2343 442 2394 magna
455 2325 620 2394 sapientium
634 2325 736 2378 civium
748 2325 936 2393 bonorumque
952 2327 1066 2394 penuria

81 2405 127 2458 vir
147 2405 270 2473 egregius
298 2405 591 2474 conjunctissimasque
621 2421 728 2456 mecum
749 2405 923 2457 consiliorum
943 2405 1066 2458 omnium

82 2483 214 2537 societate
238 2484 403 2536 alienissimo
430 2484 587 2550 reipublicae
615 2487 738 2551 tempore
766 2483 919 2536 exstinctus
948 2487 976 2536 et
1003 2501 1066 2536 auc-

80 2563 203 2615 toritatis
224 2568 252 2616 et
271 2563 426 2631 prudentiae
447 2581 503 2614 suae
523 2563 603 2614 triste
622 2563 702 2614 nobis
715 2561 880 2614 desiderium
900 2563 1067 2630 reliqueret3

81 2641 265 2709 dolebamque
279 2641 362 2709 quod,
378 2659 444 2708 non,
459 2647 492 2693 ut
512 2641 635 2708 plerique
655 2641 801 2708 putabant,
818 2641 1003 2693 adversarium
1017 2646 1066 2694 aut

82 2721 297 2778 obtrectatorem
310 2720 425 2774 laudum
438 2738 569 2786 mearum,
586 2719 634 2771 sed
648 2719 751 2772 socium
764 2720 857 2787 potius
871 2724 899 2771 et
913 2724 1066 2772 consortem

81 2800 193 2866 gloriosi
214 2800 314 2851 laboris
336 2801 485 2852 amiseram.
531 2801 556 2852 3.
581 2798 705 2850 Etenim
725 2797 748 2849 si
767 2797 797 2848 in
818 2798 951 2850 leviorum
964 2798 1066 2850 artium

81 2877 176 2930 studio
190 2879 328 2930 memoriae
348 2878 487 2945 proditum
508 2882 559 2942 est,
575 2881 669 2945 poetas
688 2877 793 2928 nobiles
812 2881 955 2944 poetarum
975 2894 1066 2946 aeque·

80 2957 153 3009 lium
176 2963 264 3008 morte
285 2957 412 3022 doluisse,
429 2974 483 3023 quo
505 2956 616 3008 tandem
638 2955 729 3008 animo
751 2955 810 3023 ejus
832 2955 976 3008 interitum
997 2957 1067 3009 ferre

81 3035 177 3101 debui,
193 3052 255 3086 cum
270 3052 325 3102 quo
346 3039 450 3088 certare
470 3039 529 3086 eret
548 3034 690 3102 gloriosius
710 3052 793 3102 quam
813 3035 925 3087 omnino
943 3035 1068 3087 adversa-

80 3113 156 3167 rium
176 3131 232 3166 non
252 3114 374 3166 heberei
394 3119 456 3166 cum
473 3114 624 3180 praesertim
641 3130 697 3164 non
717 3113 799 3166 modo
813 3131 955 3180 nunquam
969 3114 1005 3165 111
1018 3118 1068 3166 aut

80 3193 159 3244 illius
179 3210 195 3245 a
214 3210 258 3244 me
272 3209 367 3256 cursus
386 3193 535 3260 impeditus
548 3197 598 3244 aut
611 3192 646 3244 eb
659 3192 707 3243 illo
720 3209 806 3257 meus,
822 3192 870 3244 sed
885 3197 979 3244 contre.
999 3209 1067 3243 sem-

81 3289 132 3339 per
152 3271 222 3324 11101
242 3272 277 3324 ab
296 3273 383 3324 1111010
403 3273 516 3340 adjutus
536 3276 564 3324 et
586 3271 809 3322 communicando
833 3275 861 3322 et
882 3269 1019 3322 monendo
1039 3274 1068 3322 et

82 3349 210 3402 favendo.
256 3354 281 3404 4.
307 3351 360 3404 Sed
375 3352 504 3418 quoniam
518 3356 650 3418 perpetua
664 3350 783 3416 quedam
796 3349 927 3400 felicitate
941 3365 1008 3400 usus
1022 3348 1067 3400 ille

83 3431 165 3482 cessit
186 3447 201 3482 0
222 3431 280 3482 vita
297 3447 347 3482 suo
367 3430 452 3497 megia
466 3447 549 3496 quem
569 3446 680 3480 suorum
694 3428 795 3480 civium
815 3432 938 3494 tempore
959 3432 987 3478 11
1007 3431 1069 3480 111111

83 3509 195 3575 occidit,
218 3527 281 3561 cum
307 3509 400 3576 lugere
426 3509 531 3560 facilius
555 3507 750 3574 rempublicam
776 3510 874 3573 posset,
902 3505 926 3556 si
952 3506 1066 3572 viveret,

84 3605 170 3654 quum
193 3588 302 3656 juvare,
324 3588 450 3656 vixitque
473 3588 581 3640 tamdiu
605 3603 688 3654 quam
711 3585 790 3636 licuit
813 3583 842 3636 in
865 3583 976 3636 civitate
999 3585 1069 3637 bene

83 3668 218 3734 beateque
239 3667 341 3733 vivere,
363 3671 457 3720 nostro
477 3666 649 3718 incommodo
669 3665 898 3730 detrimentoque,
924 3662 947 3713 si
967 3667 1009 3715 est
1029 3663 1070 3716 ita

84 3762 204 3811 11010111,
220 3745 369 3812 doleamus,
391 3747 466 3797 illius
487 3763 552 3798 vero
575 3744 671 3796 mortis
695 3742 929 3812 opportunitatem
953 3741 1069 3820 benevo-

83 3823 172 3877 lentia
184 3825 370 3892 potiusquam
383 3825 566 3876 misericordia
579 3838 785 3891 prosequamur,
798 3824 840 3888 ut,
856 3827 1069 3898 quotiescunque

812 3899 824 3932 f
894 3896 943 3942 12
