<?xml version="1.0" encoding="UTF-8"?>
<!DOCTYPE html PUBLIC "-//W3C//DTD XHTML 1.0 Transitional//EN"
    "http://www.w3.org/TR/xhtml1/DTD/xhtml1-transitional.dtd">
<html xmlns="http://www.w3.org/1999/xhtml" xml:lang="en" lang="en">
 <head>
  <title>
</title>
<meta http-equiv="Content-Type" content="text/html;charset=utf-8" />
  <meta name='ocr-system' content='tesseract 3.04.00' />
  <meta name='ocr-capabilities' content='ocr_page ocr_carea ocr_par ocr_line ocrx_word'/>
</head>
<body>
  <div class='ocr_page' id='page_1' title='image "./catomajorlacliu00cicegoog_0122.png"; bbox 0 0 2456 4162; ppageno 0'>
   <div class='ocr_carea' id='block_1_1' title="bbox 529 269 1075 334">
    <p class='ocr_par' dir='ltr' id='par_1_1' title="bbox 529 269 1075 334">
     <span class='ocr_line' id='line_1_1' title="bbox 529 269 1075 334; baseline -0.011 -2"><span class='ocrx_word' id='word_1_1' title='bbox 529 292 662 334; x_wconf 73' lang='lat' dir='ltr'><strong>renerus.</strong></span> <span class='ocrx_word' id='word_1_2' title='bbox 1018 269 1075 326; x_wconf 87' lang='grc'><strong>109</strong></span> 
     </span>
    </p>
   </div>
   <div class='ocr_carea' id='block_1_2' title="bbox 90 427 1074 2877">
    <p class='ocr_par' dir='ltr' id='par_1_2' title="bbox 90 427 1074 2877">
     <span class='ocr_line' id='line_1_2' title="bbox 92 427 1074 501; baseline -0.006 -15"><span class='ocrx_word' id='word_1_3' title='bbox 92 450 196 500; x_wconf 88' lang='lat' dir='ltr'><strong>omnes,</strong></span> <span class='ocrx_word' id='word_1_4' title='bbox 212 432 261 501; x_wconf 92' lang='lat' dir='ltr'><strong>qui</strong></span> <span class='ocrx_word' id='word_1_5' title='bbox 277 432 378 499; x_wconf 78' lang='lat' dir='ltr'><strong>Attice,</strong></span> <span class='ocrx_word' id='word_1_6' title='bbox 394 432 478 485; x_wconf 88' lang='lat' dir='ltr'><strong>iidem</strong></span> <span class='ocrx_word' id='word_1_7' title='bbox 498 431 577 500; x_wconf 90' lang='lat' dir='ltr'><strong>benc,</strong></span> <span class='ocrx_word' id='word_1_8' title='bbox 593 431 641 484; x_wconf 88' lang='lat' dir='ltr'><strong>sed</strong></span> <span class='ocrx_word' id='word_1_9' title='bbox 658 435 692 483; x_wconf 87' lang='lat' dir='ltr'><strong>ut</strong></span> <span class='ocrx_word' id='word_1_10' title='bbox 710 447 813 496; x_wconf 86' lang='lat' dir='ltr'><strong>omnes,</strong></span> <span class='ocrx_word' id='word_1_11' title='bbox 829 431 877 498; x_wconf 91' lang='lat' dir='ltr'><strong>qui</strong></span> <span class='ocrx_word' id='word_1_12' title='bbox 896 431 975 494; x_wconf 89' lang='lat' dir='ltr'><strong>bene,</strong></span> <span class='ocrx_word' id='word_1_13' title='bbox 991 427 1074 481; x_wconf 87' lang='lat' dir='ltr'><strong>iidem</strong></span> 
     </span>
     <span class='ocr_line' id='line_1_3' title="bbox 92 509 1005 567; baseline -0.003 -2"><span class='ocrx_word' id='word_1_14' title='bbox 92 513 177 567; x_wconf 88' lang='lat' dir='ltr'><strong>etiam</strong></span> <span class='ocrx_word' id='word_1_15' title='bbox 189 513 282 565; x_wconf 85' lang='lat' dir='ltr'><strong>Attice</strong></span> <span class='ocrx_word' id='word_1_16' title='bbox 296 512 395 566; x_wconf 87' lang='lat' dir='ltr'><strong>dicant.</strong></span> <span class='ocrx_word' id='word_1_17' title='bbox 440 511 493 564; x_wconf 85' lang='lat' dir='ltr'><strong>Sed</strong></span> <span class='ocrx_word' id='word_1_18' title='bbox 507 511 649 565; x_wconf 80' lang='lat' dir='ltr'><strong>redeamus</strong></span> <span class='ocrx_word' id='word_1_19' title='bbox 662 527 756 562; x_wconf 84' lang='lat' dir='ltr'><strong>rursus</strong></span> <span class='ocrx_word' id='word_1_20' title='bbox 769 510 804 562; x_wconf 87' lang='lat' dir='ltr'><strong>ad</strong></span> <span class='ocrx_word' id='word_1_21' title='bbox 819 509 1005 562; x_wconf 79' lang='lat' dir='ltr'><strong>Hortensium.</strong></span> 
     </span>
     <span class='ocr_line' id='line_1_4' title="bbox 133 589 1074 659; baseline -0.005 -15"><span class='ocrx_word' id='word_1_22' title='bbox 133 591 281 645; x_wconf 89' lang='lat' dir='ltr'>LXXXV.</span> <span class='ocrx_word' id='word_1_23' title='bbox 324 593 388 645; x_wconf 80' lang='lat'><strong>292.</strong></span> <span class='ocrx_word' id='word_1_24' title='bbox 423 591 493 644; x_wconf 85' lang='lat' dir='ltr'><strong>Sane</strong></span> <span class='ocrx_word' id='word_1_25' title='bbox 515 591 636 659; x_wconf 89' lang='lat' dir='ltr'><strong>quidem,</strong></span> <span class='ocrx_word' id='word_1_26' title='bbox 658 589 750 656; x_wconf 83' lang='lat' dir='ltr'><strong>inquit</strong></span> <span class='ocrx_word' id='word_1_27' title='bbox 770 589 894 653; x_wconf 87' lang='lat' dir='ltr'><strong>Brutus;</strong></span> <span class='ocrx_word' id='word_1_28' title='bbox 916 604 1074 656; x_wconf 86' lang='lat' dir='ltr'><strong>quanquam</strong></span> 
     </span>
     <span class='ocr_line' id='line_1_5' title="bbox 91 667 1070 739; baseline -0.005 -14"><span class='ocrx_word' id='word_1_29' title='bbox 91 672 145 725; x_wconf 84' lang='lat' dir='ltr'><strong>ista</strong></span> <span class='ocrx_word' id='word_1_30' title='bbox 167 671 236 724; x_wconf 89' lang='lat' dir='ltr'><strong>mihi</strong></span> <span class='ocrx_word' id='word_1_31' title='bbox 255 675 305 724; x_wconf 89' lang='lat' dir='ltr'><strong>tua</strong></span> <span class='ocrx_word' id='word_1_32' title='bbox 327 671 382 724; x_wconf 86' lang='lat' dir='ltr'><strong>fuit</strong></span> <span class='ocrx_word' id='word_1_33' title='bbox 402 670 572 739; x_wconf 80' lang='lat' dir='ltr'><strong>perjucrmda</strong></span> <span class='ocrx_word' id='word_1_34' title='bbox 594 688 611 722; x_wconf 86' lang='lat' dir='ltr'><strong>a</strong></span> <span class='ocrx_word' id='word_1_35' title='bbox 631 669 770 738; x_wconf 85' lang='lat' dir='ltr'><strong>proposita</strong></span> <span class='ocrx_word' id='word_1_36' title='bbox 791 669 914 721; x_wconf 87' lang='lat' dir='ltr'><strong>oratione</strong></span> <span class='ocrx_word' id='word_1_37' title='bbox 934 667 1070 735; x_wconf 76' lang='lat' dir='ltr'><strong>digressio.</strong></span> 
     </span>
     <span class='ocr_line' id='line_1_6' title="bbox 92 746 1074 818; baseline -0.005 -15"><span class='ocrx_word' id='word_1_38' title='bbox 92 750 164 803; x_wconf 71' lang='lat' dir='ltr'><strong>Tum</strong></span> <span class='ocrx_word' id='word_1_39' title='bbox 176 751 295 817; x_wconf 87' lang='lat' dir='ltr'><strong>Atticus,</strong></span> <span class='ocrx_word' id='word_1_40' title='bbox 310 751 464 818; x_wconf 88' lang='lat' dir='ltr'><strong>Aliquoties</strong></span> <span class='ocrx_word' id='word_1_41' title='bbox 483 766 554 816; x_wconf 87' lang='lat' dir='ltr'><strong>sum,</strong></span> <span class='ocrx_word' id='word_1_42' title='bbox 575 749 677 816; x_wconf 87' lang='lat' dir='ltr'><strong>iuquit,</strong></span> <span class='ocrx_word' id='word_1_43' title='bbox 696 751 818 815; x_wconf 86' lang='lat' dir='ltr'><strong>conatus,</strong></span> <span class='ocrx_word' id='word_1_44' title='bbox 840 747 889 800; x_wconf 87' lang='lat' dir='ltr'><strong>sed</strong></span> <span class='ocrx_word' id='word_1_45' title='bbox 901 746 1074 814; x_wconf 86' lang='lat' dir='ltr'><strong>interpellare</strong></span> 
     </span>
     <span class='ocr_line' id='line_1_7' title="bbox 91 825 1074 898; baseline -0.004 -16"><span class='ocrx_word' id='word_1_46' title='bbox 91 829 190 894; x_wconf 88' lang='lat' dir='ltr'><strong>nolui;</strong></span> <span class='ocrx_word' id='word_1_47' title='bbox 219 847 302 896; x_wconf 89' lang='lat' dir='ltr'><strong>nunc,</strong></span> <span class='ocrx_word' id='word_1_48' title='bbox 328 829 458 898; x_wconf 89' lang='lat' dir='ltr'><strong>quoniam</strong></span> <span class='ocrx_word' id='word_1_49' title='bbox 477 829 537 896; x_wconf 88' lang='lat' dir='ltr'><strong>jam</strong></span> <span class='ocrx_word' id='word_1_50' title='bbox 557 828 593 882; x_wconf 89' lang='lat' dir='ltr'><strong>ad</strong></span> <span class='ocrx_word' id='word_1_51' title='bbox 615 827 797 896; x_wconf 79' lang='lat' dir='ltr'><strong>perorandum</strong></span> <span class='ocrx_word' id='word_1_52' title='bbox 820 831 940 895; x_wconf 85' lang='lat' dir='ltr'><strong>spectare</strong></span> <span class='ocrx_word' id='word_1_53' title='bbox 964 825 1074 878; x_wconf 89' lang='lat' dir='ltr'><strong>videtur</strong></span> 
     </span>
     <span class='ocr_line' id='line_1_8' title="bbox 91 906 1070 976; baseline -0.004 -14"><span class='ocrx_word' id='word_1_54' title='bbox 91 925 181 962; x_wconf 86' lang='lat' dir='ltr'><strong>sermo</strong></span> <span class='ocrx_word' id='word_1_55' title='bbox 203 913 278 976; x_wconf 91' lang='lat' dir='ltr'><strong>tuus,</strong></span> <span class='ocrx_word' id='word_1_56' title='bbox 302 909 400 975; x_wconf 87' lang='lat' dir='ltr'><strong>dicam,</strong></span> <span class='ocrx_word' id='word_1_57' title='bbox 422 908 528 976; x_wconf 86' lang='lat' dir='ltr'>opinor,</span> <span class='ocrx_word' id='word_1_58' title='bbox 550 908 625 976; x_wconf 86' lang='lat' dir='ltr'><strong>quod</strong></span> <span class='ocrx_word' id='word_1_59' title='bbox 656 908 751 960; x_wconf 92' lang='lat' dir='ltr'><strong>sentio.</strong></span> <span class='ocrx_word' id='word_1_60' title='bbox 797 907 839 958; x_wconf 83' lang='lat' dir='ltr'><strong>Tu</strong></span> <span class='ocrx_word' id='word_1_61' title='bbox 859 922 932 971; x_wconf 91' lang='lat' dir='ltr'><strong>vero,</strong></span> <span class='ocrx_word' id='word_1_62' title='bbox 948 906 1070 973; x_wconf 87' lang='lat' dir='ltr'><strong>inquam,</strong></span> 
     </span>
     <span class='ocr_line' id='line_1_9' title="bbox 91 984 1073 1056; baseline -0.005 -15"><span class='ocrx_word' id='word_1_63' title='bbox 91 987 160 1042; x_wconf 76' lang='lat' dir='ltr'><strong>lite.</strong></span> <span class='ocrx_word' id='word_1_64' title='bbox 203 988 274 1040; x_wconf 75' lang='lat' dir='ltr'><strong>&#39;lirrn</strong></span> <span class='ocrx_word' id='word_1_65' title='bbox 296 989 352 1054; x_wconf 90' lang='lat' dir='ltr'><strong>ille,</strong></span> <span class='ocrx_word' id='word_1_66' title='bbox 368 987 435 1055; x_wconf 83' lang='lat' dir='ltr'><strong>Ego,</strong></span> <span class='ocrx_word' id='word_1_67' title='bbox 451 987 552 1056; x_wconf 89' lang='lat' dir='ltr'><strong>inquit,</strong></span> <span class='ocrx_word' id='word_1_68' title='bbox 571 987 687 1040; x_wconf 78' lang='lat' dir='ltr'><strong>ironiam</strong></span> <span class='ocrx_word' id='word_1_69' title='bbox 707 987 792 1052; x_wconf 86' lang='lat' dir='ltr'><strong>illam,</strong></span> <span class='ocrx_word' id='word_1_70' title='bbox 808 1003 890 1054; x_wconf 89' lang='lat' dir='ltr'><strong>quem</strong></span> <span class='ocrx_word' id='word_1_71' title='bbox 910 985 940 1037; x_wconf 90' lang='lat' dir='ltr'><strong>in</strong></span> <span class='ocrx_word' id='word_1_72' title='bbox 963 984 1073 1038; x_wconf 79' lang='lat' dir='ltr'><strong>Socrate</strong></span> 
     </span>
     <span class='ocr_line' id='line_1_10' title="bbox 91 1063 1073 1135; baseline -0.004 -15"><span class='ocrx_word' id='word_1_73' title='bbox 91 1067 188 1120; x_wconf 87' lang='lat' dir='ltr'><strong>dicunt</strong></span> <span class='ocrx_word' id='word_1_74' title='bbox 206 1067 299 1134; x_wconf 83' lang='lat' dir='ltr'><strong>fuisse,</strong></span> <span class='ocrx_word' id='word_1_75' title='bbox 315 1085 370 1135; x_wconf 89' lang='lat' dir='ltr'><strong>qua</strong></span> <span class='ocrx_word' id='word_1_76' title='bbox 389 1067 435 1120; x_wconf 91' lang='lat' dir='ltr'><strong>ille</strong></span> <span class='ocrx_word' id='word_1_77' title='bbox 457 1066 488 1119; x_wconf 91' lang='lat' dir='ltr'><strong>in</strong></span> <span class='ocrx_word' id='word_1_78' title='bbox 503 1067 624 1120; x_wconf 85' lang='lat' dir='ltr'><strong>Platonis</strong></span> <span class='ocrx_word' id='word_1_79' title='bbox 638 1071 666 1119; x_wconf 89' lang='lat' dir='ltr'><strong>et</strong></span> <span class='ocrx_word' id='word_1_80' title='bbox 679 1065 871 1134; x_wconf 75' lang='lat' dir='ltr'><strong>Xenophontis</strong></span> <span class='ocrx_word' id='word_1_81' title='bbox 891 1069 920 1117; x_wconf 93' lang='lat' dir='ltr'><strong>et</strong></span> <span class='ocrx_word' id='word_1_82' title='bbox 933 1063 1073 1118; x_wconf 82' lang='lat' dir='ltr'><strong>AEschinis</strong></span> 
     </span>
     <span class='ocr_line' id='line_1_11' title="bbox 90 1143 1073 1214; baseline -0.003 -16"><span class='ocrx_word' id='word_1_83' title='bbox 90 1146 168 1199; x_wconf 86' lang='lat' dir='ltr'><strong>libris</strong></span> <span class='ocrx_word' id='word_1_84' title='bbox 187 1146 283 1212; x_wconf 87' lang='lat' dir='ltr'><strong>utitur,-</strong></span> <span class='ocrx_word' id='word_1_85' title='bbox 300 1147 416 1200; x_wconf 81' lang='lat' dir='ltr'><strong>facetam</strong></span> <span class='ocrx_word' id='word_1_86' title='bbox 429 1150 458 1198; x_wconf 91' lang='lat' dir='ltr'><strong>et</strong></span> <span class='ocrx_word' id='word_1_87' title='bbox 471 1146 623 1214; x_wconf 78' lang='lat' dir='ltr'><strong>elegantem</strong></span> <span class='ocrx_word' id='word_1_88' title='bbox 635 1151 711 1214; x_wconf 88' lang='lat' dir='ltr'><strong>puto.</strong></span> <span class='ocrx_word' id='word_1_89' title='bbox 755 1145 806 1196; x_wconf 80' lang='lat' dir='ltr'><strong>Est</strong></span> <span class='ocrx_word' id='word_1_90' title='bbox 826 1145 941 1196; x_wconf 90' lang='lat' dir='ltr'><strong>enimet</strong></span> <span class='ocrx_word' id='word_1_91' title='bbox 960 1143 1073 1196; x_wconf 88' lang='lat' dir='ltr'><strong>minime</strong></span> 
     </span>
     <span class='ocr_line' id='line_1_12' title="bbox 90 1223 1072 1294; baseline -0.003 -16"><span class='ocrx_word' id='word_1_92' title='bbox 90 1225 180 1294; x_wconf 78' lang='lat' dir='ltr'><strong>inepti</strong></span> <span class='ocrx_word' id='word_1_93' title='bbox 191 1225 310 1279; x_wconf 87' lang='lat' dir='ltr'><strong>hominis</strong></span> <span class='ocrx_word' id='word_1_94' title='bbox 323 1231 352 1278; x_wconf 92' lang='lat' dir='ltr'><strong>et</strong></span> <span class='ocrx_word' id='word_1_95' title='bbox 365 1225 488 1294; x_wconf 85' lang='lat' dir='ltr'><strong>ejusdem</strong></span> <span class='ocrx_word' id='word_1_96' title='bbox 500 1225 584 1278; x_wconf 87' lang='lat' dir='ltr'><strong>etiarn</strong></span> <span class='ocrx_word' id='word_1_97' title='bbox 596 1225 688 1292; x_wconf 88' lang='lat' dir='ltr'><strong>faceti,</strong></span> <span class='ocrx_word' id='word_1_98' title='bbox 701 1241 763 1277; x_wconf 91' lang='lat' dir='ltr'><strong>cum</strong></span> <span class='ocrx_word' id='word_1_99' title='bbox 777 1225 812 1277; x_wconf 93' lang='lat' dir='ltr'><strong>de</strong></span> <span class='ocrx_word' id='word_1_100' title='bbox 825 1223 958 1291; x_wconf 88' lang='lat' dir='ltr'><strong>sapientia</strong></span> <span class='ocrx_word' id='word_1_101' title='bbox 971 1223 1072 1290; x_wconf 88' lang='lat' dir='ltr'><strong>discep-</strong></span> 
     </span>
     <span class='ocr_line' id='line_1_13' title="bbox 90 1302 1074 1373; baseline -0.002 -16"><span class='ocrx_word' id='word_1_102' title='bbox 90 1309 178 1372; x_wconf 90' lang='lat' dir='ltr'><strong>tatur,</strong></span> <span class='ocrx_word' id='word_1_103' title='bbox 192 1305 264 1358; x_wconf 83' lang='lat' dir='ltr'><strong>hanc</strong></span> <span class='ocrx_word' id='word_1_104' title='bbox 286 1304 338 1358; x_wconf 91' lang='lat' dir='ltr'><strong>sibi</strong></span> <span class='ocrx_word' id='word_1_105' title='bbox 359 1305 450 1373; x_wconf 90' lang='lat' dir='ltr'><strong>ipsum</strong></span> <span class='ocrx_word' id='word_1_106' title='bbox 469 1303 620 1370; x_wconf 70' lang='lat' dir='ltr'><strong>detrahere,</strong></span> <span class='ocrx_word' id='word_1_107' title='bbox 636 1304 675 1356; x_wconf 84' lang='lat' dir='ltr'><strong>eis</strong></span> <span class='ocrx_word' id='word_1_108' title='bbox 694 1303 815 1356; x_wconf 90' lang='lat' dir='ltr'><strong>tribuere</strong></span> <span class='ocrx_word' id='word_1_109' title='bbox 836 1302 1009 1370; x_wconf 65' lang='lat' dir='ltr'><strong>illudentem</strong></span> <span class='ocrx_word' id='word_1_110' title='bbox 1025 1302 1074 1370; x_wconf 90' lang='lat' dir='ltr'><strong>qui</strong></span> 
     </span>
     <span class='ocr_line' id='line_1_14' title="bbox 90 1382 1074 1452; baseline -0.002 -16"><span class='ocrx_word' id='word_1_111' title='bbox 90 1401 152 1436; x_wconf 88' lang='lat' dir='ltr'><strong>eam</strong></span> <span class='ocrx_word' id='word_1_112' title='bbox 165 1383 217 1436; x_wconf 89' lang='lat' dir='ltr'><strong>sibi</strong></span> <span class='ocrx_word' id='word_1_113' title='bbox 230 1387 356 1452; x_wconf 81' lang='lat' dir='ltr'><strong>arrogant</strong></span> <span class='ocrx_word' id='word_1_114' title='bbox 369 1402 376 1448; x_wconf 88' lang='grc'><strong>;</strong></span> <span class='ocrx_word' id='word_1_115' title='bbox 396 1387 430 1436; x_wconf 90' lang='lat' dir='ltr'><strong>ut</strong></span> <span class='ocrx_word' id='word_1_116' title='bbox 450 1383 524 1451; x_wconf 90' lang='lat' dir='ltr'><strong>apud</strong></span> <span class='ocrx_word' id='word_1_117' title='bbox 537 1383 683 1436; x_wconf 75' lang='lat' dir='ltr'><strong>Platonem</strong></span> <span class='ocrx_word' id='word_1_118' title='bbox 696 1382 819 1436; x_wconf 84' lang='lat' dir='ltr'><strong>Socrates</strong></span> <span class='ocrx_word' id='word_1_119' title='bbox 839 1383 869 1436; x_wconf 88' lang='lat' dir='ltr'><strong>in</strong></span> <span class='ocrx_word' id='word_1_120' title='bbox 883 1382 982 1435; x_wconf 88' lang='lat' dir='ltr'><strong>eoelum</strong></span> <span class='ocrx_word' id='word_1_121' title='bbox 995 1382 1074 1434; x_wconf 85' lang='lat' dir='ltr'><strong>effert</strong></span> 
     </span>
     <span class='ocr_line' id='line_1_15' title="bbox 90 1461 1073 1531; baseline -0.002 -15"><span class='ocrx_word' id='word_1_122' title='bbox 90 1463 218 1516; x_wconf 89' lang='lat' dir='ltr'><strong>laudibus</strong></span> <span class='ocrx_word' id='word_1_123' title='bbox 231 1462 418 1530; x_wconf 74' lang='lat' dir='ltr'><strong>Protagoram,</strong></span> <span class='ocrx_word' id='word_1_124' title='bbox 433 1462 575 1531; x_wconf 88' lang='lat' dir='ltr'><strong>Hippiam,</strong></span> <span class='ocrx_word' id='word_1_125' title='bbox 591 1463 746 1528; x_wconf 74' lang='lat' dir='ltr'><strong>Prodicum,</strong></span> <span class='ocrx_word' id='word_1_126' title='bbox 762 1461 900 1529; x_wconf 83' lang='lat' dir='ltr'><strong>Gorgiam,</strong></span> <span class='ocrx_word' id='word_1_127' title='bbox 916 1465 1028 1526; x_wconf 88' lang='lat' dir='ltr'><strong>ceteros,</strong></span> <span class='ocrx_word' id='word_1_128' title='bbox 1044 1478 1073 1513; x_wconf 86' lang='lat' dir='ltr'><strong>se</strong></span> 
     </span>
     <span class='ocr_line' id='line_1_16' title="bbox 90 1540 1073 1610; baseline 0 -16"><span class='ocrx_word' id='word_1_129' title='bbox 90 1545 184 1595; x_wconf 87' lang='lat' dir='ltr'><strong>autem</strong></span> <span class='ocrx_word' id='word_1_130' title='bbox 210 1541 334 1596; x_wconf 90' lang='lat' dir='ltr'><strong>omnium</strong></span> <span class='ocrx_word' id='word_1_131' title='bbox 359 1559 451 1594; x_wconf 88' lang='lat' dir='ltr'><strong>rerum</strong></span> <span class='ocrx_word' id='word_1_132' title='bbox 476 1541 592 1594; x_wconf 89' lang='lat' dir='ltr'><strong>inscium</strong></span> <span class='ocrx_word' id='word_1_133' title='bbox 618 1542 698 1610; x_wconf 85' lang='lat' dir='ltr'><strong>fingit</strong></span> <span class='ocrx_word' id='word_1_134' title='bbox 724 1546 753 1594; x_wconf 90' lang='lat' dir='ltr'><strong>et</strong></span> <span class='ocrx_word' id='word_1_135' title='bbox 779 1542 897 1595; x_wconf 89' lang='lat' dir='ltr'><strong>rudem:</strong></span> <span class='ocrx_word' id='word_1_136' title='bbox 924 1541 1003 1594; x_wconf 90' lang='lat' dir='ltr'><strong>decet</strong></span> <span class='ocrx_word' id='word_1_137' title='bbox 1022 1540 1073 1594; x_wconf 91' lang='lat' dir='ltr'><strong>hoc</strong></span> 
     </span>
     <span class='ocr_line' id='line_1_17' title="bbox 91 1620 1070 1690; baseline -0.002 -16"><span class='ocrx_word' id='word_1_138' title='bbox 91 1621 183 1674; x_wconf 88' lang='lat' dir='ltr'><strong>neseio</strong></span> <span class='ocrx_word' id='word_1_139' title='bbox 210 1637 266 1690; x_wconf 91' lang='lat' dir='ltr'><strong>quc</strong></span> <span class='ocrx_word' id='word_1_140' title='bbox 292 1621 374 1674; x_wconf 90' lang='lat' dir='ltr'><strong>modo</strong></span> <span class='ocrx_word' id='word_1_141' title='bbox 400 1621 488 1687; x_wconf 89' lang='lat' dir='ltr'><strong>illum,</strong></span> <span class='ocrx_word' id='word_1_142' title='bbox 516 1637 567 1674; x_wconf 90' lang='lat' dir='ltr'><strong>nec</strong></span> <span class='ocrx_word' id='word_1_143' title='bbox 593 1621 720 1689; x_wconf 81' lang='lat' dir='ltr'><strong>Epicuro,</strong></span> <span class='ocrx_word' id='word_1_144' title='bbox 750 1622 798 1690; x_wconf 91' lang='lat' dir='ltr'><strong>qui</strong></span> <span class='ocrx_word' id='word_1_145' title='bbox 830 1621 860 1674; x_wconf 94' lang='lat' dir='ltr'><strong>id</strong></span> <span class='ocrx_word' id='word_1_146' title='bbox 886 1620 1070 1689; x_wconf 87' lang='lat' dir='ltr'><strong>reprehendit,</strong></span> 
     </span>
     <span class='ocr_line' id='line_1_18' title="bbox 91 1700 1069 1768; baseline 0.001 -15"><span class='ocrx_word' id='word_1_147' title='bbox 91 1700 230 1753; x_wconf 84' lang='lat' dir='ltr'><strong>assentior.</strong></span> <span class='ocrx_word' id='word_1_148' title='bbox 275 1700 325 1754; x_wconf 83' lang='lat' dir='ltr'><strong>Sed</strong></span> <span class='ocrx_word' id='word_1_149' title='bbox 341 1700 372 1752; x_wconf 92' lang='lat' dir='ltr'><strong>in</strong></span> <span class='ocrx_word' id='word_1_150' title='bbox 384 1700 506 1767; x_wconf 86' lang='lat' dir='ltr'><strong>historia,</strong></span> <span class='ocrx_word' id='word_1_151' title='bbox 519 1705 615 1768; x_wconf 89' lang='lat' dir='ltr'><strong>quatu</strong></span> <span class='ocrx_word' id='word_1_152' title='bbox 625 1701 764 1754; x_wconf 88' lang='lat' dir='ltr'><strong>esususin</strong></span> <span class='ocrx_word' id='word_1_153' title='bbox 775 1702 850 1754; x_wconf 89' lang='lat' dir='ltr'><strong>omni</strong></span> <span class='ocrx_word' id='word_1_154' title='bbox 859 1718 991 1768; x_wconf 87' lang='lat' dir='ltr'><strong>sermone,</strong></span> <span class='ocrx_word' id='word_1_155' title='bbox 998 1718 1069 1767; x_wconf 88' lang='lat' dir='ltr'><strong>cum,</strong></span> 
     </span>
     <span class='ocr_line' id='line_1_19' title="bbox 91 1779 1073 1851; baseline 0.001 -19"><span class='ocrx_word' id='word_1_156' title='bbox 91 1779 309 1848; x_wconf 83' lang='lat' dir='ltr'><strong>qualisquisque</strong></span> <span class='ocrx_word' id='word_1_157' title='bbox 322 1779 532 1847; x_wconf 86' lang='lat' dir='ltr'><strong>oratorfuisset,</strong></span> <span class='ocrx_word' id='word_1_158' title='bbox 547 1797 704 1849; x_wconf 82' lang='lat' dir='ltr'><strong>exponeres,</strong></span> <span class='ocrx_word' id='word_1_159' title='bbox 719 1781 792 1848; x_wconf 87' lang='lat' dir='ltr'><strong>vide,</strong></span> <span class='ocrx_word' id='word_1_160' title='bbox 808 1799 910 1851; x_wconf 88' lang='lat' dir='ltr'><strong>quaeso,</strong></span> <span class='ocrx_word' id='word_1_161' title='bbox 924 1781 1025 1850; x_wconf 85' lang='lat' dir='ltr'><strong>inquit,</strong></span> <span class='ocrx_word' id='word_1_162' title='bbox 1037 1799 1073 1834; x_wconf 92' lang='lat' dir='ltr'><strong>ne</strong></span> 
     </span>
     <span class='ocr_line' id='line_1_20' title="bbox 90 1859 1071 1929; baseline 0.003 -18"><span class='ocrx_word' id='word_1_163' title='bbox 90 1862 149 1911; x_wconf 84' lang='lat' dir='ltr'><strong>tam</strong></span> <span class='ocrx_word' id='word_1_164' title='bbox 170 1859 392 1927; x_wconf 87' lang='lat' dir='ltr'><strong>reprehendenda</strong></span> <span class='ocrx_word' id='word_1_165' title='bbox 415 1859 452 1912; x_wconf 89' lang='lat' dir='ltr'><strong>sit</strong></span> <span class='ocrx_word' id='word_1_166' title='bbox 473 1859 570 1926; x_wconf 88' lang='lat' dir='ltr'><strong>ironia,</strong></span> <span class='ocrx_word' id='word_1_167' title='bbox 586 1877 669 1929; x_wconf 90' lang='lat' dir='ltr'><strong>quam</strong></span> <span class='ocrx_word' id='word_1_168' title='bbox 688 1861 718 1912; x_wconf 92' lang='lat' dir='ltr'><strong>in</strong></span> <span class='ocrx_word' id='word_1_169' title='bbox 731 1861 897 1914; x_wconf 91' lang='lat' dir='ltr'><strong>testimonio.</strong></span> <span class='ocrx_word' id='word_1_170' title='bbox 941 1860 1071 1928; x_wconf 85' lang='lat' dir='ltr'><strong>Quorsus,</strong></span> 
     </span>
     <span class='ocr_line' id='line_1_21' title="bbox 90 1937 1073 2009; baseline 0.004 -19"><span class='ocrx_word' id='word_1_171' title='bbox 90 1938 213 2006; x_wconf 87' lang='lat' dir='ltr'><strong>inquam,</strong></span> <span class='ocrx_word' id='word_1_172' title='bbox 223 1937 309 1991; x_wconf 81' lang='lat' dir='ltr'><strong>ietuol</strong></span> <span class='ocrx_word' id='word_1_173' title='bbox 319 1938 456 1991; x_wconf 85' lang='lat' dir='ltr'><strong>nonenim</strong></span> <span class='ocrx_word' id='word_1_174' title='bbox 464 1937 595 2005; x_wconf 83' lang='lat' dir='ltr'><strong>intelligo.</strong></span> <span class='ocrx_word' id='word_1_175' title='bbox 621 1941 685 1993; x_wconf 77' lang='lat'>293.</span> <span class='ocrx_word' id='word_1_176' title='bbox 711 1939 781 2003; x_wconf 83' lang='lat' dir='ltr'><strong>Quia</strong></span> <span class='ocrx_word' id='word_1_177' title='bbox 790 1941 918 2008; x_wconf 92' lang='lat' dir='ltr'><strong>primum,</strong></span> <span class='ocrx_word' id='word_1_178' title='bbox 925 1940 1025 2009; x_wconf 81' lang='lat' dir='ltr'><strong>inquit,</strong></span> <span class='ocrx_word' id='word_1_179' title='bbox 1032 1941 1073 1994; x_wconf 89' lang='lat' dir='ltr'><strong>ita</strong></span> 
     </span>
     <span class='ocr_line' id='line_1_22' title="bbox 91 2016 1073 2087; baseline 0.002 -17"><span class='ocrx_word' id='word_1_180' title='bbox 91 2016 239 2070; x_wconf 81' lang='lat' dir='ltr'><strong>laudavisti</strong></span> <span class='ocrx_word' id='word_1_181' title='bbox 261 2018 394 2086; x_wconf 83' lang='lat' dir='ltr'><strong>quosdam</strong></span> <span class='ocrx_word' id='word_1_182' title='bbox 417 2021 546 2085; x_wconf 83' lang='lat' dir='ltr'><strong>oratores,</strong></span> <span class='ocrx_word' id='word_1_183' title='bbox 569 2023 602 2070; x_wconf 92' lang='lat' dir='ltr'><strong>ut</strong></span> <span class='ocrx_word' id='word_1_184' title='bbox 624 2018 764 2086; x_wconf 90' lang='lat' dir='ltr'><strong>imperitos</strong></span> <span class='ocrx_word' id='word_1_185' title='bbox 790 2037 881 2087; x_wconf 83' lang='lat' dir='ltr'><strong>posses</strong></span> <span class='ocrx_word' id='word_1_186' title='bbox 904 2020 934 2072; x_wconf 91' lang='lat' dir='ltr'><strong>in</strong></span> <span class='ocrx_word' id='word_1_187' title='bbox 955 2037 1073 2074; x_wconf 89' lang='lat' dir='ltr'><strong>errorem</strong></span> 
     </span>
     <span class='ocr_line' id='line_1_23' title="bbox 90 2096 1073 2166; baseline 0.003 -17"><span class='ocrx_word' id='word_1_188' title='bbox 90 2096 226 2150; x_wconf 88' lang='lat' dir='ltr'><strong>inducere.</strong></span> <span class='ocrx_word' id='word_1_189' title='bbox 268 2096 405 2165; x_wconf 79' lang='lat' dir='ltr'><strong>Equidem</strong></span> <span class='ocrx_word' id='word_1_190' title='bbox 427 2096 457 2149; x_wconf 91' lang='lat' dir='ltr'><strong>in</strong></span> <span class='ocrx_word' id='word_1_191' title='bbox 479 2097 642 2166; x_wconf 86' lang='lat' dir='ltr'><strong>quibusdam</strong></span> <span class='ocrx_word' id='word_1_192' title='bbox 664 2097 749 2150; x_wconf 85' lang='lat' dir='ltr'><strong>risum</strong></span> <span class='ocrx_word' id='word_1_193' title='bbox 768 2099 815 2150; x_wconf 84' lang='lat' dir='ltr'><strong>vix</strong></span> <span class='ocrx_word' id='word_1_194' title='bbox 835 2099 983 2163; x_wconf 77' lang='lat' dir='ltr'><strong>tenebam3</strong></span> <span class='ocrx_word' id='word_1_195' title='bbox 1010 2117 1073 2152; x_wconf 92' lang='lat' dir='ltr'><strong>cum</strong></span> 
     </span>
     <span class='ocr_line' id='line_1_24' title="bbox 90 2175 1072 2245; baseline 0.003 -17"><span class='ocrx_word' id='word_1_196' title='bbox 90 2175 185 2228; x_wconf 85' lang='lat' dir='ltr'><strong>Attico</strong></span> <span class='ocrx_word' id='word_1_197' title='bbox 214 2175 303 2243; x_wconf 82' lang='lat' dir='ltr'><strong>Lysiae</strong></span> <span class='ocrx_word' id='word_1_198' title='bbox 336 2175 467 2230; x_wconf 77' lang='lat' dir='ltr'><strong>(latonam</strong></span> <span class='ocrx_word' id='word_1_199' title='bbox 499 2181 625 2229; x_wconf 85' lang='lat' dir='ltr'><strong>nostrum</strong></span> <span class='ocrx_word' id='word_1_200' title='bbox 656 2177 839 2244; x_wconf 78' lang='lat' dir='ltr'><strong>computabas,</strong></span> <span class='ocrx_word' id='word_1_201' title='bbox 866 2194 996 2245; x_wconf 81' lang='lat' dir='ltr'><strong>magnum</strong></span> <span class='ocrx_word' id='word_1_202' title='bbox 1028 2196 1072 2231; x_wconf 90' lang='lat' dir='ltr'><strong>me</strong></span> 
     </span>
     <span class='ocr_line' id='line_1_25' title="bbox 90 2254 1073 2324; baseline 0.003 -17"><span class='ocrx_word' id='word_1_203' title='bbox 90 2254 201 2307; x_wconf 87' lang='lat' dir='ltr'><strong>hercule</strong></span> <span class='ocrx_word' id='word_1_204' title='bbox 223 2254 371 2322; x_wconf 90' lang='lat' dir='ltr'><strong>hominem,</strong></span> <span class='ocrx_word' id='word_1_205' title='bbox 386 2255 432 2308; x_wconf 82' lang='lat' dir='ltr'><strong>vel</strong></span> <span class='ocrx_word' id='word_1_206' title='bbox 452 2255 544 2323; x_wconf 88' lang='lat' dir='ltr'><strong>potius</strong></span> <span class='ocrx_word' id='word_1_207' title='bbox 565 2272 702 2308; x_wconf 88' lang='lat' dir='ltr'><strong>summum</strong></span> <span class='ocrx_word' id='word_1_208' title='bbox 723 2260 752 2308; x_wconf 91' lang='lat' dir='ltr'><strong>et</strong></span> <span class='ocrx_word' id='word_1_209' title='bbox 765 2257 930 2324; x_wconf 77' lang='lat' dir='ltr'><strong>eingrdarem</strong></span> <span class='ocrx_word' id='word_1_210' title='bbox 942 2258 1073 2310; x_wconf 85' lang='lat' dir='ltr'><strong>virum-</strong></span> 
     </span>
     <span class='ocr_line' id='line_1_26' title="bbox 90 2333 1074 2404; baseline 0.004 -18"><span class='ocrx_word' id='word_1_211' title='bbox 90 2350 172 2387; x_wconf 87' lang='lat' dir='ltr'><strong>nemo</strong></span> <span class='ocrx_word' id='word_1_212' title='bbox 185 2333 258 2386; x_wconf 89' lang='lat' dir='ltr'><strong>dicet</strong></span> <span class='ocrx_word' id='word_1_213' title='bbox 270 2350 399 2399; x_wconf 82' lang='lat' dir='ltr'><strong>secus-;</strong></span> <span class='ocrx_word' id='word_1_214' title='bbox 420 2334 468 2388; x_wconf 88' lang='lat' dir='ltr'><strong>sed</strong></span> <span class='ocrx_word' id='word_1_215' title='bbox 481 2339 616 2388; x_wconf 87' lang='lat' dir='ltr'><strong>oratorem</strong></span> <span class='ocrx_word' id='word_1_216' title='bbox 628 2335 638 2388; x_wconf 84' lang='lat' dir='ltr'><strong>l</strong></span> <span class='ocrx_word' id='word_1_217' title='bbox 657 2335 705 2388; x_wconf 88' lang='lat' dir='ltr'><strong>sed</strong></span> <span class='ocrx_word' id='word_1_218' title='bbox 719 2335 803 2389; x_wconf 88' lang='lat' dir='ltr'><strong>etiam</strong></span> <span class='ocrx_word' id='word_1_219' title='bbox 825 2336 914 2404; x_wconf 83' lang='lat' dir='ltr'><strong>Lysiae</strong></span> <span class='ocrx_word' id='word_1_220' title='bbox 935 2337 1051 2390; x_wconf 88' lang='lat' dir='ltr'><strong>similem</strong></span> <span class='ocrx_word' id='word_1_221' title='bbox 1063 2338 1074 2390; x_wconf 86' lang='lat' dir='ltr'><strong>l</strong></span> 
     </span>
     <span class='ocr_line' id='line_1_27' title="bbox 91 2404 1072 2484; baseline 0.003 -19"><span class='ocrx_word' id='word_1_222' title='bbox 91 2428 146 2482; x_wconf 91' lang='lat' dir='ltr'><strong>quo</strong></span> <span class='ocrx_word' id='word_1_223' title='bbox 159 2412 230 2465; x_wconf 88' lang='lat' dir='ltr'><strong>nihil</strong></span> <span class='ocrx_word' id='word_1_224' title='bbox 242 2417 333 2481; x_wconf 86' lang='lat' dir='ltr'><strong>potest</strong></span> <span class='ocrx_word' id='word_1_225' title='bbox 352 2430 410 2466; x_wconf 85' lang='lat' dir='ltr'><strong>esse</strong></span> <span class='ocrx_word' id='word_1_226' title='bbox 429 2413 536 2482; x_wconf 85' lang='lat' dir='ltr'><strong>pictius.</strong></span> <span class='ocrx_word' id='word_1_227' title='bbox 581 2413 658 2466; x_wconf 88' lang='lat' dir='ltr'><strong>Bella</strong></span> <span class='ocrx_word' id='word_1_228' title='bbox 680 2414 776 2481; x_wconf 90' lang='lat' dir='ltr'><strong>ironia,</strong></span> <span class='ocrx_word' id='word_1_229' title='bbox 795 2416 819 2468; x_wconf 84' lang='lat' dir='ltr'><strong>si</strong></span> <span class='ocrx_word' id='word_1_230' title='bbox 836 2416 1008 2484; x_wconf 89' lang='lat' dir='ltr'><strong>jocaremur;</strong></span> <span class='ocrx_word' id='word_1_231' title='bbox 1029 2404 1072 2468; x_wconf 74' lang='lat' dir='ltr'><strong>iin</strong></span> 
     </span>
     <span class='ocr_line' id='line_1_28' title="bbox 90 2492 1072 2562; baseline 0.003 -18"><span class='ocrx_word' id='word_1_232' title='bbox 90 2507 286 2556; x_wconf 85' lang='lat' dir='ltr'><strong>asseveramus,</strong></span> <span class='ocrx_word' id='word_1_233' title='bbox 301 2492 364 2545; x_wconf 89' lang='lat' dir='ltr'><strong>vide</strong></span> <span class='ocrx_word' id='word_1_234' title='bbox 377 2509 413 2545; x_wconf 87' lang='lat' dir='ltr'><strong>ne</strong></span> <span class='ocrx_word' id='word_1_235' title='bbox 431 2492 527 2561; x_wconf 81' lang='lat' dir='ltr'><strong>religio</strong></span> <span class='ocrx_word' id='word_1_236' title='bbox 545 2493 625 2546; x_wconf 87' lang='lat' dir='ltr'><strong>nobis</strong></span> <span class='ocrx_word' id='word_1_237' title='bbox 644 2497 703 2546; x_wconf 88' lang='lat' dir='ltr'><strong>tam</strong></span> <span class='ocrx_word' id='word_1_238' title='bbox 716 2494 871 2547; x_wconf 90' lang='lat' dir='ltr'><strong>adhibenda</strong></span> <span class='ocrx_word' id='word_1_239' title='bbox 884 2495 929 2562; x_wconf 84' lang='lat' dir='ltr'><strong>eit,</strong></span> <span class='ocrx_word' id='word_1_240' title='bbox 946 2511 1029 2562; x_wconf 89' lang='lat' dir='ltr'><strong>quam</strong></span> <span class='ocrx_word' id='word_1_241' title='bbox 1049 2496 1072 2547; x_wconf 89' lang='lat' dir='ltr'><strong>si</strong></span> 
     </span>
     <span class='ocr_line' id='line_1_29' title="bbox 90 2569 1072 2640; baseline 0.003 -17"><span class='ocrx_word' id='word_1_242' title='bbox 90 2569 280 2624; x_wconf 80' lang='lat' dir='ltr'><strong>testimonium</strong></span> <span class='ocrx_word' id='word_1_243' title='bbox 303 2571 459 2625; x_wconf 82' lang='lat' dir='ltr'><strong>diceremus</strong></span> <span class='ocrx_word' id='word_1_244' title='bbox 505 2573 569 2626; x_wconf 83' lang='lat'>294.</span> <span class='ocrx_word' id='word_1_245' title='bbox 597 2573 656 2640; x_wconf 85' lang='lat' dir='ltr'><strong>Ego</strong></span> <span class='ocrx_word' id='word_1_246' title='bbox 676 2573 750 2626; x_wconf 90' lang='lat' dir='ltr'><strong>enim</strong></span> <span class='ocrx_word' id='word_1_247' title='bbox 774 2571 905 2626; x_wconf 77' lang='lat' dir='ltr'><strong>Gitonem</strong></span> <span class='ocrx_word' id='word_1_248' title='bbox 931 2576 1012 2625; x_wconf 89' lang='lat' dir='ltr'><strong>tuum</strong></span> <span class='ocrx_word' id='word_1_249' title='bbox 1038 2578 1072 2626; x_wconf 92' lang='lat' dir='ltr'><strong>ut</strong></span> 
     </span>
     <span class='ocr_line' id='line_1_30' title="bbox 90 2650 1071 2720; baseline 0.001 -17"><span class='ocrx_word' id='word_1_250' title='bbox 90 2650 188 2717; x_wconf 84' lang='lat' dir='ltr'><strong>civem,</strong></span> <span class='ocrx_word' id='word_1_251' title='bbox 203 2651 238 2703; x_wconf 91' lang='lat' dir='ltr'><strong>ut</strong></span> <span class='ocrx_word' id='word_1_252' title='bbox 260 2654 422 2718; x_wconf 86' lang='lat' dir='ltr'><strong>senatorem,</strong></span> <span class='ocrx_word' id='word_1_253' title='bbox 437 2653 471 2704; x_wconf 90' lang='lat' dir='ltr'><strong>ut</strong></span> <span class='ocrx_word' id='word_1_254' title='bbox 489 2651 691 2720; x_wconf 88' lang='lat' dir='ltr'><strong>imperatorem,</strong></span> <span class='ocrx_word' id='word_1_255' title='bbox 707 2656 741 2704; x_wconf 89' lang='lat' dir='ltr'><strong>ut</strong></span> <span class='ocrx_word' id='word_1_256' title='bbox 760 2652 851 2704; x_wconf 87' lang='lat' dir='ltr'><strong>virum</strong></span> <span class='ocrx_word' id='word_1_257' title='bbox 871 2652 989 2719; x_wconf 89' lang='lat' dir='ltr'><strong>denique</strong></span> <span class='ocrx_word' id='word_1_258' title='bbox 1009 2669 1071 2704; x_wconf 89' lang='lat' dir='ltr'><strong>cum</strong></span> 
     </span>
     <span class='ocr_line' id='line_1_31' title="bbox 90 2727 1071 2798; baseline 0.001 -16"><span class='ocrx_word' id='word_1_259' title='bbox 90 2727 240 2798; x_wconf 89' lang='lat' dir='ltr'><strong>prudentia</strong></span> <span class='ocrx_word' id='word_1_260' title='bbox 252 2733 281 2782; x_wconf 88' lang='lat' dir='ltr'><strong>et</strong></span> <span class='ocrx_word' id='word_1_261' title='bbox 294 2729 443 2797; x_wconf 79' lang='lat' dir='ltr'><strong>diligentia,</strong></span> <span class='ocrx_word' id='word_1_262' title='bbox 462 2734 525 2782; x_wconf 90' lang='lat' dir='ltr'><strong>turn</strong></span> <span class='ocrx_word' id='word_1_263' title='bbox 549 2731 624 2783; x_wconf 90' lang='lat' dir='ltr'><strong>omni</strong></span> <span class='ocrx_word' id='word_1_264' title='bbox 638 2731 740 2783; x_wconf 85' lang='lat' dir='ltr'><strong>virtute</strong></span> <span class='ocrx_word' id='word_1_265' title='bbox 762 2731 950 2797; x_wconf 86' lang='lat' dir='ltr'><strong>excellentem,</strong></span> <span class='ocrx_word' id='word_1_266' title='bbox 965 2730 1051 2798; x_wconf 90' lang='lat' dir='ltr'><strong>probo</strong></span> <span class='ocrx_word' id='word_1_267' title='bbox 1063 2751 1071 2795; x_wconf 88' lang='lat'>;</span> 
     </span>
     <span class='ocr_line' id='line_1_32' title="bbox 91 2808 1071 2877; baseline 0.002 -17"><span class='ocrx_word' id='word_1_268' title='bbox 91 2808 228 2860; x_wconf 87' lang='lat' dir='ltr'><strong>orationes</strong></span> <span class='ocrx_word' id='word_1_269' title='bbox 241 2811 334 2862; x_wconf 87' lang='lat' dir='ltr'><strong>autem</strong></span> <span class='ocrx_word' id='word_1_270' title='bbox 352 2809 420 2876; x_wconf 87' lang='lat' dir='ltr'><strong>ejus,</strong></span> <span class='ocrx_word' id='word_1_271' title='bbox 436 2813 469 2861; x_wconf 92' lang='lat' dir='ltr'><strong>ut</strong></span> <span class='ocrx_word' id='word_1_272' title='bbox 488 2810 543 2861; x_wconf 87' lang='lat' dir='ltr'><strong>illis</strong></span> <span class='ocrx_word' id='word_1_273' title='bbox 562 2809 740 2877; x_wconf 84' lang='lat' dir='ltr'><strong>temporibus,</strong></span> <span class='ocrx_word' id='word_1_274' title='bbox 754 2809 835 2862; x_wconf 83' lang='lat' dir='ltr'><strong>valde</strong></span> <span class='ocrx_word' id='word_1_275' title='bbox 847 2808 1071 2876; x_wconf 80' lang='lat' dir='ltr'><strong>laudo—signifi-</strong></span> 
     </span>
    </p>
   </div>
   <div class='ocr_carea' id='block_1_3' title="bbox 7 2886 1072 2956">
    <p class='ocr_par' dir='ltr' id='par_1_3' title="bbox 7 2886 1072 2956">
     <span class='ocr_line' id='line_1_33' title="bbox 7 2886 1072 2956; baseline 0.001 -17"><span class='ocrx_word' id='word_1_276' title='bbox 7 2923 8 2934; x_wconf 22' lang='grc' dir='ltr'>ἢ</span> <span class='ocrx_word' id='word_1_277' title='bbox 91 2890 156 2940; x_wconf 84' lang='lat' dir='ltr'><strong>eant</strong></span> <span class='ocrx_word' id='word_1_278' title='bbox 178 2886 253 2940; x_wconf 86' lang='lat' dir='ltr'><strong>enim</strong></span> <span class='ocrx_word' id='word_1_279' title='bbox 272 2887 387 2940; x_wconf 81' lang='lat' dir='ltr'><strong>formam</strong></span> <span class='ocrx_word' id='word_1_280' title='bbox 401 2887 538 2955; x_wconf 87' lang='lat' dir='ltr'><strong>quandam</strong></span> <span class='ocrx_word' id='word_1_281' title='bbox 557 2887 669 2956; x_wconf 86' lang='lat' dir='ltr'><strong>ingenii,</strong></span> <span class='ocrx_word' id='word_1_282' title='bbox 684 2888 732 2940; x_wconf 88' lang='lat' dir='ltr'><strong>sed</strong></span> <span class='ocrx_word' id='word_1_283' title='bbox 751 2888 901 2941; x_wconf 88' lang='lat' dir='ltr'><strong>admodum</strong></span> <span class='ocrx_word' id='word_1_284' title='bbox 919 2887 1072 2956; x_wconf 86' lang='lat' dir='ltr'><strong>impolitam</strong></span> 
     </span>
    </p>
   </div>
   <div class='ocr_carea' id='block_1_4' title="bbox 9 2966 1072 3825">
    <p class='ocr_par' dir='ltr' id='par_1_4' title="bbox 9 2966 1072 3043">
     <span class='ocr_line' id='line_1_34' title="bbox 9 2966 1072 3043; baseline 0 -25"><span class='ocrx_word' id='word_1_285' title='bbox 9 3034 14 3043; x_wconf 41' lang='grc' dir='ltr'>Ι</span> <span class='ocrx_word' id='word_1_286' title='bbox 90 2970 120 3018; x_wconf 88' lang='lat' dir='ltr'><strong>et</strong></span> <span class='ocrx_word' id='word_1_287' title='bbox 133 2966 215 3034; x_wconf 89' lang='lat' dir='ltr'><strong>plane</strong></span> <span class='ocrx_word' id='word_1_288' title='bbox 228 2966 373 3033; x_wconf 89' lang='lat' dir='ltr'><strong>rudem-,</strong></span> <span class='ocrx_word' id='word_1_289' title='bbox 389 2966 513 3034; x_wconf 83' lang='lat' dir='ltr'><strong>Origines</strong></span> <span class='ocrx_word' id='word_1_290' title='bbox 523 2983 586 3020; x_wconf 87' lang='lat' dir='ltr'><strong>vero</strong></span> <span class='ocrx_word' id='word_1_291' title='bbox 599 2984 662 3020; x_wconf 88' lang='lat' dir='ltr'><strong>cum</strong></span> <span class='ocrx_word' id='word_1_292' title='bbox 675 2966 802 3019; x_wconf 89' lang='lat' dir='ltr'><strong>omnibus</strong></span> <span class='ocrx_word' id='word_1_293' title='bbox 816 2966 930 3020; x_wconf 86' lang='lat' dir='ltr'><strong>oratoris</strong></span> <span class='ocrx_word' id='word_1_294' title='bbox 943 2966 1072 3020; x_wconf 85' lang='lat' dir='ltr'><strong>laudibus</strong></span> 
     </span>
    </p>

    <p class='ocr_par' dir='ltr' id='par_1_5' title="bbox 90 3045 1072 3431">
     <span class='ocr_line' id='line_1_35' title="bbox 90 3045 1071 3114; baseline 0 -16"><span class='ocrx_word' id='word_1_295' title='bbox 90 3045 206 3098; x_wconf 84' lang='lat' dir='ltr'><strong>refertae</strong></span> <span class='ocrx_word' id='word_1_296' title='bbox 229 3045 340 3112; x_wconf 89' lang='lat' dir='ltr'><strong>diceres,</strong></span> <span class='ocrx_word' id='word_1_297' title='bbox 355 3050 384 3098; x_wconf 91' lang='lat' dir='ltr'><strong>et</strong></span> <span class='ocrx_word' id='word_1_298' title='bbox 398 3046 529 3098; x_wconf 75' lang='lat' dir='ltr'><strong>Catonem</strong></span> <span class='ocrx_word' id='word_1_299' title='bbox 549 3063 612 3098; x_wconf 91' lang='lat' dir='ltr'><strong>cum</strong></span> <span class='ocrx_word' id='word_1_300' title='bbox 632 3045 749 3098; x_wconf 86' lang='lat' dir='ltr'><strong>Philisto</strong></span> <span class='ocrx_word' id='word_1_301' title='bbox 768 3049 797 3099; x_wconf 91' lang='lat' dir='ltr'><strong>et</strong></span> <span class='ocrx_word' id='word_1_302' title='bbox 817 3045 977 3114; x_wconf 77' lang='lat' dir='ltr'><strong>Thucydide</strong></span> <span class='ocrx_word' id='word_1_303' title='bbox 1000 3062 1071 3098; x_wconf 88' lang='lat' dir='ltr'><strong>ecm-</strong></span> 
     </span>
     <span class='ocr_line' id='line_1_36' title="bbox 90 3123 1071 3193; baseline -0.002 -15"><span class='ocrx_word' id='word_1_304' title='bbox 90 3141 210 3193; x_wconf 84' lang='lat' dir='ltr'><strong>parares,</strong></span> <span class='ocrx_word' id='word_1_305' title='bbox 226 3124 349 3178; x_wconf 88' lang='lat' dir='ltr'><strong>Brutone</strong></span> <span class='ocrx_word' id='word_1_306' title='bbox 371 3128 401 3176; x_wconf 91' lang='lat' dir='ltr'><strong>te</strong></span> <span class='ocrx_word' id='word_1_307' title='bbox 420 3124 449 3176; x_wconf 94' lang='lat' dir='ltr'><strong>id</strong></span> <span class='ocrx_word' id='word_1_308' title='bbox 470 3125 605 3191; x_wconf 83' lang='lat' dir='ltr'><strong>censebas,</strong></span> <span class='ocrx_word' id='word_1_309' title='bbox 620 3143 656 3178; x_wconf 90' lang='lat' dir='ltr'><strong>an</strong></span> <span class='ocrx_word' id='word_1_310' title='bbox 669 3125 738 3177; x_wconf 91' lang='lat' dir='ltr'><strong>mihi</strong></span> <span class='ocrx_word' id='word_1_311' title='bbox 757 3123 958 3193; x_wconf 81' lang='lat' dir='ltr'><strong>probaturuml</strong></span> <span class='ocrx_word' id='word_1_312' title='bbox 997 3123 1071 3187; x_wconf 87' lang='lat' dir='ltr'><strong>Quos</strong></span> 
     </span>
     <span class='ocr_line' id='line_1_37' title="bbox 91 3203 1071 3272; baseline -0.001 -16"><span class='ocrx_word' id='word_1_313' title='bbox 91 3204 166 3257; x_wconf 88' lang='lat' dir='ltr'><strong>enim</strong></span> <span class='ocrx_word' id='word_1_314' title='bbox 179 3221 214 3256; x_wconf 92' lang='lat' dir='ltr'><strong>ne</strong></span> <span class='ocrx_word' id='word_1_315' title='bbox 228 3222 243 3256; x_wconf 95' lang='lat' dir='ltr'><strong>e</strong></span> <span class='ocrx_word' id='word_1_316' title='bbox 258 3203 359 3256; x_wconf 84' lang='lat' dir='ltr'><strong>Graecis</strong></span> <span class='ocrx_word' id='word_1_317' title='bbox 373 3204 482 3272; x_wconf 90' lang='lat' dir='ltr'><strong>quidem</strong></span> <span class='ocrx_word' id='word_1_318' title='bbox 498 3204 642 3272; x_wconf 86' lang='lat' dir='ltr'><strong>quisquam</strong></span> <span class='ocrx_word' id='word_1_319' title='bbox 662 3204 764 3256; x_wconf 86' lang='lat' dir='ltr'><strong>imitari</strong></span> <span class='ocrx_word' id='word_1_320' title='bbox 782 3207 883 3271; x_wconf 90' lang='lat' dir='ltr'><strong>potest,</strong></span> <span class='ocrx_word' id='word_1_321' title='bbox 897 3203 941 3256; x_wconf 88' lang='lat' dir='ltr'><strong>his</strong></span> <span class='ocrx_word' id='word_1_322' title='bbox 953 3207 986 3255; x_wconf 90' lang='lat' dir='ltr'><strong>tu</strong></span> <span class='ocrx_word' id='word_1_323' title='bbox 999 3220 1071 3256; x_wconf 90' lang='lat' dir='ltr'><strong>oom-</strong></span> 
     </span>
     <span class='ocr_line' id='line_1_38' title="bbox 90 3281 1072 3352; baseline -0.002 -16"><span class='ocrx_word' id='word_1_324' title='bbox 90 3299 171 3352; x_wconf 89' lang='lat' dir='ltr'><strong>paras</strong></span> <span class='ocrx_word' id='word_1_325' title='bbox 180 3282 329 3345; x_wconf 77' lang='lat' dir='ltr'><strong>¹hominem</strong></span> <span class='ocrx_word' id='word_1_326' title='bbox 342 3283 535 3350; x_wconf 76' lang='lat' dir='ltr'><strong>lbrsculanum,</strong></span> <span class='ocrx_word' id='word_1_327' title='bbox 549 3282 673 3336; x_wconf 89' lang='lat' dir='ltr'><strong>nondum</strong></span> <span class='ocrx_word' id='word_1_328' title='bbox 693 3282 885 3350; x_wconf 85' lang='lat' dir='ltr'><strong>suspicantem,</strong></span> <span class='ocrx_word' id='word_1_329' title='bbox 900 3281 980 3349; x_wconf 89' lang='lat' dir='ltr'><strong>quale</strong></span> <span class='ocrx_word' id='word_1_330' title='bbox 1001 3287 1072 3335; x_wconf 86' lang='lat' dir='ltr'><strong>esset</strong></span> 
     </span>
     <span class='ocr_line' id='line_1_39' title="bbox 91 3362 459 3431; baseline -0.003 -16"><span class='ocrx_word' id='word_1_331' title='bbox 91 3363 199 3431; x_wconf 90' lang='lat' dir='ltr'><strong>copiose</strong></span> <span class='ocrx_word' id='word_1_332' title='bbox 213 3366 241 3415; x_wconf 92' lang='lat' dir='ltr'><strong>et</strong></span> <span class='ocrx_word' id='word_1_333' title='bbox 255 3367 350 3415; x_wconf 87' lang='lat' dir='ltr'><strong>ornate</strong></span> <span class='ocrx_word' id='word_1_334' title='bbox 363 3362 459 3415; x_wconf 90' lang='lat' dir='ltr'><strong>dicere.</strong></span> 
     </span>
    </p>

    <p class='ocr_par' dir='ltr' id='par_1_6' title="bbox 90 3437 1071 3825">
     <span class='ocr_line' id='line_1_40' title="bbox 130 3437 1069 3507; baseline -0.003 -13"><span class='ocrx_word' id='word_1_335' title='bbox 130 3440 294 3494; x_wconf 84' lang='lat' dir='ltr'>LXXXVI.</span> <span class='ocrx_word' id='word_1_336' title='bbox 320 3443 384 3494; x_wconf 81' lang='lat'>295.</span> <span class='ocrx_word' id='word_1_337' title='bbox 409 3441 525 3494; x_wconf 83' lang='lat' dir='ltr'><strong>Galbam</strong></span> <span class='ocrx_word' id='word_1_338' title='bbox 532 3441 634 3494; x_wconf 85' lang='lat' dir='ltr'><strong>laudas.</strong></span> <span class='ocrx_word' id='word_1_339' title='bbox 653 3440 681 3494; x_wconf 83' lang='lat' dir='ltr'><strong>si</strong></span> <span class='ocrx_word' id='word_1_340' title='bbox 689 3444 723 3493; x_wconf 90' lang='lat' dir='ltr'><strong>ut</strong></span> <span class='ocrx_word' id='word_1_341' title='bbox 731 3440 805 3493; x_wconf 86' lang='lat' dir='ltr'><strong>illius</strong></span> <span class='ocrx_word' id='word_1_342' title='bbox 813 3437 1069 3507; x_wconf 77' lang='lat' dir='ltr'><strong>aetatisprincipem,</strong></span> 
     </span>
     <span class='ocr_line' id='line_1_41' title="bbox 91 3518 1071 3588; baseline -0.003 -14"><span class='ocrx_word' id='word_1_343' title='bbox 91 3521 239 3574; x_wconf 82' lang='lat' dir='ltr'><strong>assentior:</strong></span> <span class='ocrx_word' id='word_1_344' title='bbox 253 3519 291 3572; x_wconf 85' lang='lat' dir='ltr'><strong>sic</strong></span> <span class='ocrx_word' id='word_1_345' title='bbox 299 3521 372 3573; x_wconf 89' lang='lat' dir='ltr'><strong>enim</strong></span> <span class='ocrx_word' id='word_1_346' title='bbox 382 3520 549 3588; x_wconf 84' lang='lat' dir='ltr'><strong>accepimus3</strong></span> <span class='ocrx_word' id='word_1_347' title='bbox 563 3520 605 3571; x_wconf 88' lang='lat' dir='ltr'><strong>sin</strong></span> <span class='ocrx_word' id='word_1_348' title='bbox 613 3524 646 3573; x_wconf 91' lang='lat' dir='ltr'><strong>ut</strong></span> <span class='ocrx_word' id='word_1_349' title='bbox 656 3523 799 3586; x_wconf 87' lang='lat' dir='ltr'><strong>oratorem,</strong></span> <span class='ocrx_word' id='word_1_350' title='bbox 812 3518 887 3584; x_wconf 91' lang='lat' dir='ltr'><strong>cedo,</strong></span> <span class='ocrx_word' id='word_1_351' title='bbox 900 3535 1002 3586; x_wconf 81' lang='lat' dir='ltr'><strong>quaeeo,</strong></span> <span class='ocrx_word' id='word_1_352' title='bbox 1012 3535 1071 3571; x_wconf 87' lang='lat' dir='ltr'><strong>ora·</strong></span> 
     </span>
     <span class='ocr_line' id='line_1_42' title="bbox 90 3599 1064 3667; baseline -0.002 -15"><span class='ocrx_word' id='word_1_353' title='bbox 90 3600 298 3666; x_wconf 86' lang='lat' dir='ltr'><strong>tiones,—sunt</strong></span> <span class='ocrx_word' id='word_1_354' title='bbox 311 3599 464 3664; x_wconf 69' lang='lat' dir='ltr'><strong>enim-et</strong></span> <span class='ocrx_word' id='word_1_355' title='bbox 477 3599 529 3665; x_wconf 88' lang='lat' dir='ltr'><strong>dic,</strong></span> <span class='ocrx_word' id='word_1_356' title='bbox 540 3600 623 3665; x_wconf 90' lang='lat' dir='ltr'><strong>hunc,</strong></span> <span class='ocrx_word' id='word_1_357' title='bbox 634 3617 716 3667; x_wconf 88' lang='lat' dir='ltr'><strong>quern</strong></span> <span class='ocrx_word' id='word_1_358' title='bbox 728 3603 762 3652; x_wconf 92' lang='lat' dir='ltr'><strong>tu</strong></span> <span class='ocrx_word' id='word_1_359' title='bbox 775 3599 930 3666; x_wconf 85' lang='lat' dir='ltr'><strong>plusquam</strong></span> <span class='ocrx_word' id='word_1_360' title='bbox 942 3601 972 3650; x_wconf 86' lang='lat' dir='ltr'><strong>te</strong></span> <span class='ocrx_word' id='word_1_361' title='bbox 984 3613 1064 3660; x_wconf 82' lang='lat' dir='ltr'><strong>amas,</strong></span> 
     </span>
     <span class='ocr_line' id='line_1_43' title="bbox 90 3675 1055 3746; baseline -0.002 -16"><span class='ocrx_word' id='word_1_362' title='bbox 90 3678 221 3745; x_wconf 60' lang='lat' dir='ltr'><strong>Brutum</strong></span> <span class='ocrx_word' id='word_1_363' title='bbox 228 3678 332 3731; x_wconf 84' lang='lat' dir='ltr'><strong>vellete</strong></span> <span class='ocrx_word' id='word_1_364' title='bbox 339 3677 387 3730; x_wconf 91' lang='lat' dir='ltr'><strong>illo</strong></span> <span class='ocrx_word' id='word_1_365' title='bbox 396 3677 478 3730; x_wconf 91' lang='lat' dir='ltr'><strong>modo</strong></span> <span class='ocrx_word' id='word_1_366' title='bbox 488 3677 584 3732; x_wconf 91' lang='lat' dir='ltr'><strong>dicere.</strong></span> <span class='ocrx_word' id='word_1_367' title='bbox 609 3678 712 3731; x_wconf 89' lang='lat' dir='ltr'><strong>Probas</strong></span> <span class='ocrx_word' id='word_1_368' title='bbox 720 3678 816 3746; x_wconf 86' lang='lat' dir='ltr'><strong>Lepidi</strong></span> <span class='ocrx_word' id='word_1_369' title='bbox 826 3677 967 3730; x_wconf 79' lang='lat' dir='ltr'><strong>orationes</strong></span> <span class='ocrx_word' id='word_1_370' title='bbox 999 3675 1055 3729; x_wconf 86' lang='lat' dir='ltr'><strong>Pan</strong></span> 
     </span>
     <span class='ocr_line' id='line_1_44' title="bbox 91 3755 1051 3825; baseline -0.004 -13"><span class='ocrx_word' id='word_1_371' title='bbox 91 3757 150 3812; x_wconf 89' lang='lat' dir='ltr'><strong>ium</strong></span> <span class='ocrx_word' id='word_1_372' title='bbox 158 3758 204 3810; x_wconf 91' lang='lat' dir='ltr'><strong>hic</strong></span> <span class='ocrx_word' id='word_1_373' title='bbox 214 3757 266 3810; x_wconf 90' lang='lat' dir='ltr'><strong>tibi</strong></span> <span class='ocrx_word' id='word_1_374' title='bbox 274 3756 415 3824; x_wconf 83' lang='lat' dir='ltr'><strong>assentior,</strong></span> <span class='ocrx_word' id='word_1_375' title='bbox 421 3757 503 3810; x_wconf 88' lang='lat' dir='ltr'><strong>modo</strong></span> <span class='ocrx_word' id='word_1_376' title='bbox 513 3757 554 3811; x_wconf 90' lang='lat' dir='ltr'><strong>ita</strong></span> <span class='ocrx_word' id='word_1_377' title='bbox 561 3757 665 3824; x_wconf 84' lang='lat' dir='ltr'><strong>laudes,</strong></span> <span class='ocrx_word' id='word_1_378' title='bbox 672 3761 705 3810; x_wconf 90' lang='lat' dir='ltr'><strong>ut</strong></span> <span class='ocrx_word' id='word_1_379' title='bbox 718 3757 861 3825; x_wconf 84' lang='lat' dir='ltr'><strong>antiquae;</strong></span> <span class='ocrx_word' id='word_1_380' title='bbox 875 3755 950 3825; x_wconf 92' lang='lat' dir='ltr'><strong>quod</strong></span> <span class='ocrx_word' id='word_1_381' title='bbox 958 3755 1051 3808; x_wconf 89' lang='lat' dir='ltr'><strong>itemd</strong></span> 
     </span>
    </p>
   </div>
   <div class='ocr_carea' id='block_1_5' title="bbox 0 0 1232 4162">
    <p class='ocr_par' dir='ltr' id='par_1_7' title="bbox 0 0 1232 4162">
     <span class='ocr_line' id='line_1_45' title="bbox 0 0 1232 4162; baseline 0 0"><span class='ocrx_word' id='word_1_382' title='bbox 0 0 1232 4162; x_wconf 95' lang='lat' dir='ltr'><strong> </strong></span> 
     </span>
    </p>
   </div>
   <div class='ocr_carea' id='block_1_6' title="bbox 983 4042 1055 4118">
    <p class='ocr_par' dir='ltr' id='par_1_8' title="bbox 983 4042 1055 4118">
     <span class='ocr_line' id='line_1_46' title="bbox 983 4042 1055 4118; baseline 0 0"><span class='ocrx_word' id='word_1_383' title='bbox 983 4042 1055 4118; x_wconf 72' lang='lat' dir='ltr'><em>A</em></span> 
     </span>
    </p>
   </div>
  </div>
 </body>
</html>
