2456 4162
554 293 686 336 esurus.
1046 281 1103 338 115

121 433 240 487 breviter
262 433 326 486 lieet
348 434 443 488 dicere.
489 436 555 488 320.
580 433 654 487 Nam
677 435 700 488 is
723 439 785 504 post
809 436 1102 489 consulatum-eredo

122 513 196 580 qued
217 513 331 580 videret,
357 531 392 566 ex
419 513 605 566 consularibus
631 514 769 568 neminem
792 532 849 568 esse
876 532 968 568 secum
995 533 1101 585 compa·

120 593 246 659 randum,
278 593 428 660 negligeret
457 597 551 646 autem
580 611 626 646 eos
656 594 705 662 qui
725 595 848 648 consides
868 612 924 647 non
944 594 1102 647 fuissent-

121 689 259 724 summum
288 671 358 725 illud
389 689 470 724 suum
499 672 623 726 studium
650 673 765 741 remisit,
795 691 850 742 quo
870 691 887 726 a
906 691 991 742 puero
1011 675 1101 726 fuerat

120 751 256 818 incensus,
278 755 361 820 atqua
381 752 411 804 in
431 751 554 804 omnium
573 769 665 804 rerum
684 752 854 806 abundantia
872 754 961 806 voluit
981 753 1098 819 beatius,

120 834 153 882 nt
173 831 231 898 ipse
250 831 376 898 putabat,
398 831 536 883 remissius
556 836 628 884 carte
650 831 747 887 vivere.
790 832 907 898 Primus,
925 837 953 886 et
967 832 1101 885 sccundus

120 927 219 977 annus,
241 914 270 963 et
297 911 397 962 tertius
426 914 538 963 tantum
571 911 650 980 quasi
677 911 712 964 de
740 911 855 980 picturae
883 912 985 964 veteris
1013 912 1102 964 colore

120 989 284 1057 detraxerat,
306 993 442 1058 quantum
461 1007 518 1042 non
538 990 628 1058 quivis
648 1007 720 1043 unus
746 1008 780 1043 ex
807 991 918 1059 populo,
940 991 988 1044 sed
1008 991 1101 1043 existi-

120 1072 210 1121 mator
230 1068 326 1121 doctus
346 1073 375 1121 et
394 1069 550 1137 intelligens
569 1074 661 1138 posset
681 1086 858 1138 cognoscere;
878 1070 986 1138 lougius
1006 1075 1100 1122 autem

119 1147 276 1216 procedens,
298 1166 361 1201 cum
379 1149 409 1200 in
429 1149 526 1200 ceteris
545 1148 709 1216 eloquentiae
729 1149 861 1218 partibus,
893 1155 955 1202 tum
982 1149 1101 1202 maxime

119 1227 149 1278 in
169 1227 306 1280 celeritate
326 1231 354 1280 et
374 1227 577 1280 continuatione
596 1228 742 1281 verborum
762 1229 946 1282 edhaerescens
974 1229 1018 1281 sui
1048 1229 1101 1281 dis-

120 1306 233 1358 similior
252 1306 397 1359 sidebatur
418 1307 476 1359 fieri
496 1307 627 1375 quotidie.
672 1310 738 1362 321.
762 1307 792 1360 N
793 1325 823 1361 os
842 1313 935 1361 autem
948 1325 1005 1361 non
1018 1308 1100 1361 desis

119 1385 254 1452 tebamus,
276 1403 339 1438 cum
359 1385 434 1438 omni
453 1403 551 1454 genere
572 1387 782 1453 exercitationis,
805 1392 866 1440 tum
885 1388 1005 1440 maxime
1024 1387 1097 1454 stilo,

120 1468 243 1518 nostrum
263 1465 343 1532 illud,
366 1465 440 1532 quod
460 1469 527 1532 crat,
550 1483 657 1533 augere,
674 1471 927 1535 quantumcumque
940 1472 1006 1520 erat.
1050 1468 1100 1518 At-

120 1561 183 1612 que,
205 1547 238 1596 ut
257 1545 347 1598 multa
360 1544 496 1610 omittam,
517 1544 547 1596 in
567 1544 618 1597 hoc
638 1546 735 1613 spatio,
769 1549 797 1598 et
817 1549 918 1613 praeter
937 1546 1048 1613 primus,
1072 1550 1101 1598 et

120 1623 272 1676 incredibili
291 1624 387 1692 pepuli
406 1623 548 1676 voluntate
575 1641 635 1676 sum
655 1625 751 1678 iactus
795 1625 870 1678 Nam
898 1641 960 1678 cum
990 1629 1100 1693 propter

120 1703 308 1756 assiduitatem
327 1704 357 1755 in
377 1703 464 1755 causis
484 1707 513 1756 et
532 1703 705 1771 industriam,
727 1709 789 1756 tum
809 1709 920 1773 propter
939 1704 1101 1773 exquisitius

121 1785 149 1834 et
169 1781 280 1835 minime
301 1782 411 1850 vulgare
431 1782 561 1835 orationis
580 1801 675 1852 genus,
697 1783 803 1836 animos
822 1784 965 1836 hominum
993 1784 1029 1837 ad
1056 1800 1100 1836 me

120 1861 230 1914 dicendi
257 1862 381 1914 novitate
408 1866 601 1916 converteram
647 1864 712 1917 322.
747 1863 827 1916 Nihil
854 1864 889 1916 de
916 1881 960 1916 me
990 1863 1100 1917 dicam:

120 1940 210 1994 dicam
229 1941 264 1993 de
284 1941 389 2008 ceteris,
405 1958 522 2009 quorum
535 1959 615 1994 nemo
629 1947 696 2010 erat,
712 1943 761 2010 qui
773 1943 914 1995 videretur
926 1942 1099 2010 exquisitius,

121 2037 205 2086 quam
227 2021 324 2088 vulgus
343 2020 494 2087 hominum,
517 2021 653 2074 studuisse
681 2021 790 2089 litteris,
822 2023 921 2090 quibus
950 2022 1013 2074 fons
1042 2039 1100 2089 per·

121 2099 201 2153 fectae
221 2100 385 2168 eloquentiae
405 2101 581 2164 continetur;
601 2117 692 2167 nemo,
724 2101 772 2168 qui
799 2100 999 2169 philosophiam
1028 2117 1100 2153 com·

121 2179 217 2246 plexus
224 2183 303 2245 esset,
320 2183 435 2232 matrem
448 2179 571 2232 omnium
583 2179 652 2232 bene
665 2179 800 2232 factorum
812 2179 936 2247 beneque
950 2179 1100 2243 dictorum

121 2273 212 2324 neme,
234 2257 283 2326 qui
298 2257 346 2326 jus
366 2257 445 2311 civile
464 2258 612 2324 didicisset,
644 2275 702 2310 rem
729 2258 765 2311 ad
792 2258 913 2327 privatas
941 2275 1043 2325 causas,
1073 2263 1102 2310 et

121 2336 157 2389 ad
177 2337 291 2390 oratoris
310 2337 495 2406 prudentiam,
516 2337 635 2389 maxime
648 2337 844 2402 neeessariam
864 2355 954 2404 nemo,
977 2337 1026 2406 qui
1045 2354 1101 2390 me-

121 2416 236 2468 moriam
255 2433 346 2468 rorum
365 2417 553 2469 Romanarum
571 2420 688 2483 teneret,
710 2434 746 2469 ex
766 2434 828 2486 qua,
852 2417 876 2470 si
902 2417 1014 2485 quando
1034 2433 1103 2484 opus

122 2499 201 2561 esset,
225 2495 260 2548 ab
278 2494 373 2548 inferia
391 2493 618 2563 locupletissimos
636 2499 721 2548 testes
748 2497 902 2560 excitaret;
931 2513 1022 2563 neme,
1054 2496 1103 2564 qui

121 2573 243 2626 breviter
261 2579 419 2643 arguteque,
442 2574 547 2627 incluso
566 2573 729 2642 adversario,
758 2575 864 2628 laxaret
888 2575 1015 2643 judicum
1045 2575 1102 2627 cni·

122 2670 191 2720 mos,
212 2657 297 2721 atque
317 2671 334 2706 a
353 2653 496 2706 severitate
509 2653 647 2722 paulisper
659 2654 695 2706 ad
714 2654 882 2707 hilaritatem
895 2654 1034 2720 risumque
1047 2657 1102 2706 tra·

122 2732 236 2785 duceret
249 2751 256 2797 ;
276 2749 366 2800 nemo,
388 2733 437 2800 qui
457 2732 571 2785 dilatare
584 2737 684 2801 posset,
699 2737 783 2800 atque
796 2749 813 2784 a
825 2733 933 2800 propria
946 2749 977 2785 ac
990 2732 1104 2785 definita

121 2810 308 2879 disputatione
327 2811 446 2864 hominis
465 2829 497 2864 ac
516 2811 654 2879 temporie,
676 2811 712 2865 ad
732 2828 904 2864 communem
924 2811 1104 2879 quaestionem

123 2890 245 2942 universi
254 2889 359 2958 generis
368 2890 519 2944 orationem
528 2890 686 2955 traducere;
698 2907 789 2957 neme,
796 2891 845 2958 qui
853 2890 1008 2943 delectandi
1016 2891 1105 2958 gratia

121 2968 228 3037 digredi
235 2986 381 3037 parumper
390 2986 407 3022 a
416 2986 511 3034 causa;
530 2987 621 3036 nemo,
632 2970 681 3038 qui
690 2969 725 3022 ed
738 2969 906 3024 iracundiam
916 2986 1015 3038 magno
1025 2985 1104 3038 opere

119 3047 252 3117 judicem,
267 3065 356 3114 nemo,
372 3048 420 3116 qui
440 3048 475 3101 ed
495 3049 592 3101 fletum
611 3053 702 3116 posset
715 3048 859 3116 adducere,
873 3065 963 3116 nemo,
984 3047 1033 3116 qui
1049 3049 1105 3100 ani·

121 3143 200 3180 mum
226 3128 296 3196 ejus,
324 3128 399 3196 quod
417 3145 505 3180 unum
527 3132 570 3179 est
596 3127 710 3181 oratoris
729 3128 849 3180 maxime
867 3128 1017 3196 proprium,
1039 3143 1105 3195 quo·

122 3223 241 3274 eumque
253 3224 296 3259 res
309 3207 467 3275 postularet,
484 3206 629 3274 impellere.

162 3285 266 3342 xciv,
311 3287 376 3340 323.
400 3285 500 3354 Itaque
520 3302 583 3338 cum
599 3285 658 3352 jam
677 3303 756 3354 paene
775 3285 929 3338 evanuisset
942 3284 1107 3339 Hortensius

121 3369 152 3418 et
172 3382 222 3433 ego
242 3381 314 3418 anno
333 3381 404 3430 meo,
426 3368 505 3418 sexto
525 3368 618 3418 autem
637 3369 700 3432 post
723 3365 803 3418 illum
833 3365 981 3430 consulem,
1010 3365 1106 3417 consul

121 3445 213 3498 faetus
232 3461 327 3510 essem,
349 3461 476 3496 revocare
496 3461 525 3496 se
545 3444 580 3496 ad
600 3443 765 3496 industriam
785 3444 877 3512 eoepit,
892 3460 935 3509 ns,
953 3460 1015 3496 oum
1028 3460 1106 3512 pares

121 3524 225 3577 honore
245 3540 372 3588 essemus,
388 3522 521 3591 aliquare
534 3522 684 3591 superiores
696 3523 861 3577 videremur.
901 3521 946 3575 Sic
963 3521 1103 3575 duodecim

121 3608 185 3671 post
204 3619 297 3654 mcum
318 3602 490 3655 consulatum
509 3619 595 3655 annos
621 3601 653 3654 in
680 3601 807 3654 maximis
837 3602 933 3669 causis,
964 3619 1027 3656 cum
1056 3619 1083 3664 ef

122 3681 192 3735 mihi
221 3681 310 3748 illum,
336 3681 388 3734 sibi
412 3699 456 3733 me
484 3680 531 3733 ille
561 3681 719 3748 anteferret,
750 3681 972 3750 conjunctissime
1002 3699 1067 3736 vers

123 3778 227 3829 sumus,
237 3759 448 3828 consulatusque
457 3777 543 3826 meus,
554 3760 602 3829 qui
610 3760 689 3813 illum
699 3760 787 3828 primo
797 3761 1058 3830 leviterperstrinxer

989 4010 1049 4116 A
