2436 4164
22 363 27 455 ¹.

477 245 553 293 caro
574 252 688 294 maron.
1036 235 1073 290 13

82 385 238 440 dedissent.
283 386 399 439 Vixerat
413 386 465 440 M!
479 387 577 441 (huius
591 405 653 442 oum
667 389 698 443 P.
713 388 804 455 Decio,
822 388 871 457 qui
884 390 1074 459 quinquennio

23 485 24 517 v
82 469 155 518 ante
165 483 228 520 eum
240 466 386 519 Consulem
394 483 422 518 se
432 483 482 533 pro
492 468 639 534 republica
649 472 748 534 quarto
758 468 903 520 consulatu
912 469 1067 524 devoverat.

21 530 25 582 l

84 543 182 597 Norat
196 545 315 598 eundem
328 544 478 611 Fabricius,
494 549 574 598 norat
588 545 793 610 Coruncanium
814 547 863 614 qui
876 563 961 615 quum
975 565 1010 600 ex
1023 566 1072 602 sua

86 623 158 689 vita,
184 628 246 677 tum
269 641 304 675 ex
325 623 394 690 ejus,
418 640 501 691 quem
522 624 590 690 dico,
617 625 695 677 Decii
717 626 800 691 facto,
827 625 991 691 judicabant
1014 645 1071 680 esse

84 699 213 768 profecto
233 702 337 770 aliquid
358 706 458 754 natura
473 702 618 769 pulchrum
637 707 721 771 atque
740 703 910 771 praeclarum,
927 705 1001 772 quod
1022 723 1071 759 sua

84 785 188 847 sponte
215 784 363 848 peteretur,
393 781 530 849 quodque,
560 785 652 848 spreta
678 787 706 834 et
733 786 890 849 contempta
916 783 1068 851 voluptate,

84 860 212 926 optimus
232 859 349 927 quisque
371 863 537 926 sequeretur.
582 862 628 912 44.
653 860 789 923 Quorsum
802 861 887 928 igitur
904 866 963 914 tam
983 863 1071 916 multa

84 937 123 990 de
145 939 311 1005 voluptate?
350 937 422 1000 Quia
442 955 498 990 non
521 938 603 990 modo
626 939 789 1006 vituperatio
808 940 892 1005 nulla,
919 941 1070 994 sedetiam

84 1033 196 1070 summa
216 1017 276 1068 laus
297 1016 445 1082 senectutis
466 1019 517 1082 est,
539 1017 614 1083 quod
633 1034 666 1069 ea
684 1018 840 1084 voluptates
862 1019 952 1071 nullas
971 1037 1069 1088 magno

85 1111 171 1162 opere
193 1095 335 1148 desiderat.
389 1095 470 1147 Caret
497 1095 584 1162 epulis
610 1096 809 1163 exstructisque
835 1097 935 1150 mensis
962 1102 995 1150 et
1017 1101 1068 1150 fre

86 1174 239 1241 quentibus
252 1173 363 1241 poculis.
408 1173 488 1226 Garat
502 1190 564 1240 ergo
578 1174 662 1226 etiam
674 1174 825 1228 vinolentia
844 1180 872 1228 et
886 1177 1020 1230 cruditate
1040 1185 1068 1230 et

84 1243 239 1306 insomniis.
284 1252 338 1304 Sed
351 1252 375 1304 si
388 1251 493 1320 aliquid
507 1252 628 1304 dandum
649 1257 691 1304 est
706 1253 850 1320 voluptati,
867 1255 995 1321 quoniam
1009 1256 1068 1324 ejus

84 1331 231 1384 blanditiis
256 1348 314 1383 non
339 1331 418 1383 facile
451 1330 618 1397 obsistimus,
647 1331 751 1399 <divine
772 1332 845 1384 enirn
872 1333 953 1385 Plato
980 1351 1068 1388 escam

84 1410 224 1463 malorum
250 1409 421 1477 voluptatem
454 1409 583 1476 appellat,
612 1409 687 1476 quod
720 1427 752 1461 ea
784 1411 911 1463 videlicet
944 1412 1068 1466 homines

85 1488 241 1556 capiantur,
269 1493 302 1540 ut
335 1487 444 1556 pisces)
477 1505 635 1556 quanquam
664 1488 850 1541 immoderatis
880 1490 968 1556 epulis
994 1498 1068 1544 caret

85 1571 224 1634 senectus,
236 1567 348 1620 modicis
356 1571 450 1618 tamen
460 1566 591 1621 conviviis
599 1565 728 1618 delectari
736 1570 834 1634 potest.
878 1566 909 1621 G.
922 1569 1063 1636 Duillium,

87 1647 132 1699 M.
150 1646 195 1716 F„
211 1647 259 1713 qui
278 1646 378 1698 Poenos
391 1645 475 1698 classe
488 1645 595 1712 primus
612 1645 758 1712 devicerat,
773 1645 934 1699 redeuntem
954 1665 971 1700 a
991 1665 1068 1700 coena

87 1741 184 1777 senem
199 1742 270 1792 saepe
289 1724 416 1776 videbam
435 1741 522 1791 puer;
542 1723 730 1776 delectabatur
749 1725 842 1777 crebro
855 1726 942 1778 funali
962 1730 990 1778 et
1003 1728 1066 1780 tibi-

86 1805 159 1870 cine,
188 1821 251 1871 quae
278 1803 329 1855 sibi
355 1803 433 1856 nullo
459 1802 583 1870 exemplo
604 1803 728 1870 privatus
754 1809 926 1871 sumpserat;
956 1810 1066 1858 tantum

85 1883 206 1936 licentiae
220 1883 304 1934 dabat
317 1881 408 1949 gloria
453 1883 499 1935 45.
524 1881 577 1934 Sed
597 1881 665 1948 quid
685 1898 734 1949 ego
747 1883 835 1936 aliosi
875 1884 919 1936 Ad
933 1885 1066 1951 meipsum

83 1963 146 2030 jam
171 1965 297 2014 revertar.
350 1960 475 2012 Primum
500 1959 585 2012 habui
612 1977 717 2027 semper
743 1961 854 2014 sodales.
903 1961 1067 2014 Sodalitates

86 2045 181 2093 autem
195 2057 239 2092 me
250 2039 391 2102 Quaestore
405 2039 563 2092 constitute
577 2042 651 2104 sunt,
662 2039 743 2091 sacris
756 2039 839 2091 Idaeis
847 2040 956 2106 Magnae
967 2041 1066 2094 Matris

85 2119 212 2187 acceptia
256 2117 394 2185 Epulabar
413 2117 498 2185 igitur
517 2134 580 2169 curn
600 2117 737 2169 sodalibus
757 2118 868 2170 omnino
888 2119 1002 2185 modice,
1018 2119 1065 2172 sed

85 2202 147 2251 erat
160 2197 273 2266 quidam
285 2198 376 2249 fervor
388 2196 479 2248 aetatis
486 2215 493 2260 ;
513 2212 569 2262 qua
581 2195 778 2262 progrediente,
790 2196 881 2249 omnia
893 2197 965 2249 fiunt
977 2198 1066 2250 indies

85 2277 204 2329 mitiora.
259 2275 358 2342 Neque
385 2275 459 2326 enim
491 2274 612 2341 ipsorum
644 2273 831 2326 conviviorum
857 2275 1065 2329 delectationem

87 2355 278 2423 voluptatibus
304 2353 422 2421 corporis
448 2353 543 2420 magis,
576 2369 658 2420 quam
685 2356 759 2405 coetu
785 2353 933 2406 amioo1um
959 2360 988 2406 et
1011 2372 1065 2407 ser·

85 2434 215 2486 monibus
238 2433 376 2485 metiebar.
420 2431 497 2484 Bene
523 2431 597 2483 enim
619 2431 735 2498 majores
758 2432 846 2484 nostri
868 2433 1065 2486 accubitionem

86 2513 227 2580 epularem
247 2511 404 2577 amicorum,
420 2509 485 2577 quia
504 2509 570 2561 vitae
593 2509 813 2576 conjunctionem
834 2510 957 2577 haberet,
973 2513 1063 2564 convi-

85 2593 164 2643 vium
187 2590 387 2652 nominarunt;
407 2589 514 2653 melius,
540 2605 623 2655 qnam
646 2587 743 2653 Graeci,
770 2588 819 2654 qui
839 2589 890 2641 hoc
910 2590 983 2641 idem
1004 2596 1064 2642 tum

87 2669 326 2736 compotationem,
349 2665 663 2719 tumeoncoenationem
686 2671 792 2731 vocant,
816 2672 858 2733 ut,
882 2669 956 2734 quod
979 2669 1008 2720 in
1032 2686 1064 2721 co

86 2763 185 2815 genere
198 2746 343 2798 minimum
356 2749 407 2811 est,
423 2744 452 2797 id
465 2743 582 2796 maxime
595 2744 708 2810 probare
721 2744 872 2798 videantur.

126 2825 207 2877 XIV.
252 2826 298 2876 46.
322 2823 381 2890 Ego
400 2839 464 2875 vero
487 2827 597 2890 propter
617 2822 747 2874 sermonis
769 2822 976 2876 delectationem
997 2830 1064 2878 tem·
1135 2839 1138 2848 ’

86 2903 201 2972 pestivis
222 2919 331 2970 quoque
352 2901 483 2953 conviviis
506 2901 634 2966 delector,
650 2897 700 2952 neo
713 2917 775 2952 oum
799 2902 948 2969 equalibus
965 2905 1060 2970 solum,

87 2982 136 3051 qui
149 2981 230 3050 pauci
242 2980 391 3032 admodum
403 2983 518 3045 restant,
533 2979 582 3031 sed
602 2995 665 3030 oum
678 2983 769 3032 vestra
789 2980 873 3032 etiarn
885 2985 967 3034 aetate
980 2987 1063 3050 atque

86 3061 247 3113 vobiscum:
280 3059 422 3125 habeoque
448 3057 582 3110 senectuti
604 3074 731 3124 magnam
756 3059 881 3125 gratiam,
907 3077 969 3127 quae
995 3061 1063 3114 mihi

86 3137 219 3192 sermonis
238 3137 398 3190 aviditatem
418 3136 504 3201 auxit,
520 3133 639 3203 potionis
660 3139 689 3187 et
711 3135 766 3188 cibi
786 3138 904 3190 sustrdit.
948 3138 1027 3200 Quod
1041 3140 1065 3190 si

87 3234 171 3285 quem
189 3217 272 3268 etiam
292 3215 346 3267 ista
365 3214 504 3266 delectant
518 3215 564 3282 (ne
577 3214 688 3266 omnino
701 3213 805 3268 bellum
827 3215 957 3268 indixisse
971 3217 1065 3269 videar

86 3295 234 3362 voluptati,
263 3293 342 3361 cujus
369 3297 410 3344 est
437 3293 551 3345 fortasse
578 3292 690 3359 quidam
716 3293 848 3346 naturalis
871 3294 989 3360 modus,)
1008 3313 1064 3348 non

87 3373 221 3440 intelligo,
243 3390 278 3424 ne
299 3373 329 3424 in
350 3371 411 3424 istis
434 3371 546 3439 quidem
566 3371 631 3438 ipsis
652 3370 848 3437 voluptatibus,
867 3388 956 3424 carere
982 3389 1063 3425 sensu

87 3455 263 3505 senectutem.
318 3449 366 3502 Me
389 3466 454 3502 vero
478 3453 507 3502 et
529 3448 684 3516 magisteria
705 3448 850 3514 delectant,
878 3466 894 3501 a
917 3450 1064 3517 majoribus

87 3531 225 3596 instituta,
241 3533 270 3580 et
282 3529 306 3581 is
319 3545 416 3594 sermo,
432 3527 480 3595 qui
493 3545 567 3580 more
580 3527 715 3593 majorum
728 3543 744 3578 a
757 3543 863 3580 summo
876 3527 1021 3580 adhibetur
1034 3531 1064 3582 in

86 3609 185 3677 poculo
200 3628 206 3672 3
227 3611 255 3659 et
276 3607 382 3675 pocula,
398 3607 469 3660 sicut
481 3606 511 3658 in
525 3605 661 3673 symposio
681 3604 873 3671 Xenophontis
892 3610 942 3672 est,
957 3607 1064 3661 minuta

87 3693 171 3757 atque
194 3687 324 3752 rorantia,
340 3689 368 3738 et
389 3684 555 3752 refrigeratio
578 3687 681 3749 aestate,
697 3687 725 3735 et
748 3683 865 3736 vieisdm
886 3689 935 3738 aut
958 3685 999 3738 sol
1015 3692 1064 3738 aut
