2436 4164
533 329 663 372 111111.
1050 309 1090 370 39

107 486 193 537 quum
226 474 367 538 parantur,
402 468 447 521 eui
479 473 620 536 parentur,
649 469 784 534 nesciunt,
814 485 864 521 1111
897 468 977 536 eujus
1010 486 1090 522 causa

106 549 231 601 laborent
244 549 350 616 :—ejus
362 549 436 599 enim
449 553 491 600 est
510 548 626 599 istorum
646 547 776 616 quidque,
792 548 841 615 qui
860 547 946 600 vincit
965 548 1088 600 viribus:

105 627 288 680 amicitiarum
301 645 350 679 sua
363 627 461 693 cuique
475 631 616 694 permanet
629 626 734 678 stabilis
748 631 777 678 11
790 630 864 678 certa
876 627 1023 694 possessio:
1044 631 1086 693 ut,

105 707 215 758 etiamsi
236 707 285 758 illa
307 710 446 770 maneant,
470 722 532 772 quoe
551 710 617 757 sunt
637 705 715 772 quasi
733 705 805 757 dona
828 705 969 771 Fortunae,
994 710 1088 757 tamen

105 785 164 837 vita
177 785 282 838 inculta
295 789 323 836 et
336 785 444 836 deserta
456 784 491 835 ab
504 784 597 836 11111111
610 801 666 836 non
679 785 765 850 possit
784 800 841 836 1111
858 784 992 851 jucunda.
1033 783 1087 836 Sed

104 863 164 916 haec
177 863 315 916 haetenus.

146 942 226 995 XVL
270 944 316 995 56.
340 941 533 994 Constituendi
553 945 619 994 sunt
641 946 743 1008 autem,
765 942 814 1009 qui
837 942 893 994 sint
915 942 945 994 in
968 943 1087 996 amicitia

107 1020 176 1074 fines
189 1025 218 1073 et
231 1022 309 1088 quasi
321 1021 432 1072 termini
445 1020 584 1088 diligendi.
615 1021 657 1072 De
668 1021 768 1088 quibus
777 1026 834 1073 tres
843 1021 923 1074 video
936 1023 1086 1074 sententias

103 1100 179 1166 ferri,
195 1117 311 1168 quarum
330 1099 436 1150 nullam
455 1099 556 1166 probo:
576 1116 668 1165 unam,
684 1103 717 1151 ut
737 1099 832 1152 eodem
849 1100 931 1152 modo
944 1117 1007 1167 erga
1020 1101 1085 1152 ami-

104 1195 168 1230 cum
181 1179 271 1231 allecti
285 1179 376 1244 simus,
395 1194 449 1245 quo
463 1195 526 1245 erga
545 1177 725 1244 nosmetipsos
737 1197 744 1242 ;
764 1178 887 1245 alteram,
903 1183 936 1230 ut
949 1183 1043 1232 nostra
1056 1180 1085 1231 in

104 1257 205 1310 amicos
230 1257 422 1308 benevolentia
450 1256 560 1308 illorum
591 1273 654 1324 erga
684 1273 734 1308 nos
760 1257 957 1310 benevolentiae
983 1259 1086 1325 pariter

103 1336 301 1404 aequaliterque
320 1335 503 1402 respondeat3
523 1335 643 1401 tertiam,
663 1338 703 1401 ut,
725 1336 823 1403 quanti
843 1337 958 1404 quisquc
978 1353 1007 1388 se
1027 1337 1084 1404 ipse

103 1414 180 1482 facit,
195 1415 268 1466 tanti
291 1414 340 1466 fiat
363 1415 398 1466 ab
419 1413 520 1466 amicis
564 1414 672 1466 Harum
692 1414 777 1466 trium
797 1415 995 1467 sententiarum
1014 1416 1085 1468 nulli

102 1509 213 1560 prorsus
234 1493 372 1545 assentior.
417 1491 477 1544 Neo
500 1492 576 1544 enim
594 1493 642 1544 illa
662 1493 750 1559 prima
770 1509 834 1544 vera
853 1498 904 1560 111,
926 1497 968 1560 ut,
990 1511 1085 1561 quem·

103 1572 252 1624 admodum
264 1573 294 1623 in
308 1589 336 1623 se
346 1571 470 1639 quisque,
480 1572 519 1623 111
530 1571 561 1623 in
574 1572 692 1623 amicum
705 1571 741 1623 sit
754 1571 897 1625 animatus.
932 1571 977 1629 51.
996 1572 1085 1635 Quam

102 1651 193 1702 multa
215 1651 297 1717 enim,
323 1667 385 1717 quae
408 1650 495 1702 nostri
518 1667 598 1702 causa
623 1667 766 1717 nunquam
787 1650 945 1718 faceremus,
969 1651 1085 1704 facimus

103 1729 272 1782 amicorum?
303 1729 407 1795 precari
432 1729 467 1781 ab
489 1729 611 1796 indigno,
634 1728 793 1796 supplicare,
820 1733 882 1782 tum
907 1730 1029 1782 acerbius
1054 1731 1084 1783 in

103 1807 223 1876 aliquem
236 1807 336 1874 invehi,
352 1807 533 1874 insectarique
546 1808 734 1860 vehementius
745 1827 752 1871 ;
772 1825 835 1876 quae
848 1809 878 1860 in
890 1809 991 1862 nostris
1003 1810 1084 1862 rebus

103 1903 160 1938 non
180 1887 246 1939 satis
265 1887 387 1953 honeste,
402 1886 432 1938 in
453 1886 601 1938 amicorum
620 1887 692 1938 liunt
711 1887 913 1941 honestissime:
933 1889 1083 1956 multaeque

103 1971 147 2017 res
160 1969 235 2031 sunt,
249 1965 279 2016 in
293 1965 393 2032 quibus
406 1965 440 2016 de
453 1963 510 2016 suis
529 1965 677 2017 commodis
689 1965 742 2017 viri
755 1965 821 2018 boni
833 1967 921 2018 multa
934 1967 1084 2019 detrahunt

103 2043 265 2112 detrahique
278 2044 431 2111 patiuntur,
446 2047 479 2095 ut
498 2043 532 2095 iis
551 2043 630 2096 amici
649 2043 751 2111 potius,
767 2061 849 2111 quam
869 2045 927 2112 ipsi,
945 2046 1079 2098 fruantur.

104 2124 150 2176 58.
175 2123 271 2175 Altera
284 2122 421 2174 sententia
434 2126 483 2187 est,
501 2139 563 2189 quae
577 2122 674 2174 definit
693 2122 841 2174 amicitiam
860 2123 971 2190 paribus
990 2124 1083 2176 officiis

103 2217 135 2252 ao
151 2201 346 2253 voluntatibus
391 2200 453 2252 Hoc
467 2201 578 2268 quidem
591 2205 633 2252 est
653 2199 734 2252 nimie
755 2201 851 2268 exigue
871 2205 900 2253 et
920 2201 1029 2253 exiliter
1048 2203 1083 2254 ad

103 2279 221 2332 calculos
246 2296 342 2332 vocare
369 2279 524 2344 amicitiam,
553 2283 586 2331 ut
612 2296 662 2346 par
688 2279 724 2331 sit
749 2279 820 2331 ratio
851 2285 1024 2348 acceptorum
1054 2287 1084 2334 et

102 2358 237 2410 datorum
281 2357 400 2410 Divitior
420 2357 488 2409 mihi
508 2362 537 2409 et
557 2357 710 2410 affluentior
727 2357 837 2410 videtur
855 2375 913 2411 esse
932 2376 997 2412 vera
1017 2377 1083 2414 amr-

103 2437 183 2489 citia:
204 2454 254 2489 nec
274 2437 416 2489 observare
435 2437 568 2502 restricte,
583 2454 618 2488 ne
639 2437 701 2504 plus
720 2437 827 2504 reddat,
843 2455 926 2506 quam
939 2440 1078 2506 acceperit.

103 2513 204 2582 Neque
225 2517 299 2568 enim
318 2514 469 2566 verendum
489 2519 539 2581 est,
561 2516 683 2588 ne'quid
704 2515 822 2582 excidat,
844 2521 893 2569 aut
912 2534 947 2568 116
967 2518 1033 2585 quid
1053 2519 1083 2570 in

102 2598 205 2646 terram
218 2594 329 2659 defluat,
345 2597 394 2645 aut
407 2610 442 2644 111
454 2593 516 2660 plus
530 2609 609 2660 aequo
629 2594 696 2661 quid
709 2595 738 2646 in
751 2594 898 2648 amicitiam
911 2601 1078 2664 congeratur.

104 2674 150 2725 59.
175 2673 283 2724 Tertius
307 2689 370 2723 vero
392 2671 439 2723 ille
459 2671 521 2723 linia
544 2671 713 2738 deterrimus,
736 2677 778 2738 ut,
801 2675 898 2741 quanti
919 2675 1033 2742 quisque
1055 2693 1082 2728 se

102 2751 161 2818 ipse
173 2751 265 2816 faciat,
280 2751 354 2803 tanti
366 2749 415 2802 fiat
428 2750 463 2802 ab
476 2749 576 2803 amieis.
619 2751 695 2818 Saepe
716 2752 789 2803 enim
809 2753 838 2804 in
858 2753 1021 2820 quibusdam
1034 2759 1082 2806 aut

103 2830 212 2882 animus
231 2829 362 2896 abjectior
381 2832 431 2894 est,
453 2833 502 2880 aut
522 2845 583 2896 spes
602 2830 798 2896 amplificandae
824 2831 943 2882 fortunae
962 2831 1078 2886 fractior.

105 2907 172 2960 Non
185 2911 227 2960 eet
240 2908 324 2974 igitur
336 2907 425 2973 amici,
440 2907 525 2958 talem
545 2925 601 2958 esse
621 2909 650 2959 in
670 2925 742 2974 eum,
759 2908 847 2976 qualis
865 2909 912 2962 ille
932 2910 962 2962 in
981 2927 1009 2964 se
1030 2916 1079 2977 est,

105 2986 154 3038 sed
166 2987 257 3053 potius
271 2985 340 3038 eniti
352 2989 381 3036 et
394 2986 506 3051 efficere,
522 2989 554 3037 ut
574 2987 653 3038 amici
670 2987 807 3054 jacentem
827 2989 949 3040 animum
969 2987 1080 3055 excitet,

104 3065 272 3131 inducatque
295 3065 324 3116 in
348 3080 423 3130 spem
444 3064 690 3133 cogitationemque
710 3066 855 3119 meliorem
899 3068 979 3120 Alius
997 3069 1083 3135 igitur

104 3143 168 3194 finis
187 3159 259 3194 verae
278 3142 404 3194 amicitiae
431 3143 639 3195 constituendus
658 3148 707 3210 611,
730 3145 754 3196 11
772 3145 857 3212 prius,
878 3146 946 3213 quid
966 3147 1083 3198 maxime

104 3221 301 3288 reprehendere
315 3221 404 3287 Scipio
417 3220 514 3272 solitus
527 3222 571 3287 sit,
585 3223 701 3276 edixero.
739 3223 875 3290 Negabat,
891 3225 976 3276 ullam
989 3241 1083 3277 vocem

104 3299 283 3352 inimiciorem
302 3298 428 3351 amicitiae
448 3301 568 3365 potuisse
580 3302 700 3368 reperiri,
717 3319 799 3369 quam
812 3303 879 3369 ejus,
897 3303 945 3369 qui
958 3303 1081 3368 dixisset,

105 3379 146 3430 ita
159 3395 249 3430 amare
268 3383 400 3446 oportere,
415 3381 448 3428 ut
468 3377 492 3430 si
511 3379 658 3446 aliquando
678 3385 748 3432 esset
767 3397 881 3443 osurus;
901 3397 951 3432 nee
971 3397 1031 3432 vere

106 3457 206 3508 adduci
225 3474 312 3524 posse,
328 3461 360 3508 ut
379 3456 439 3522 hoc,
456 3458 686 3524 quemadmodum
705 3462 856 3525 putaretur,
871 3475 888 3510 a
909 3459 1004 3510 Biana

106 3535 213 3588 dictum
236 3536 366 3600 crederet,
392 3535 440 3601 qui
463 3537 570 3603 sapiens
596 3537 705 3588 habitus
732 3541 804 3588 esset
823 3554 895 3589 unus
915 3555 930 3588 e
954 3537 982 3589 Sc

106 3613 207 3681 impuri
220 3614 370 3681 cujrrsdam,
386 3618 435 3664 aut
447 3614 592 3680 ambitiosi,
608 3618 657 3666 aut
671 3615 762 3667 omnia
781 3615 817 3667 ad
836 3632 913 3668 suem
933 3620 974 3683 po⁴

106 3694 258 3744 revocantis
285 3709 342 3744 esse
368 3693 538 3746 sententiam.
583 3692 707 3755 Quonam
733 3694 807 3746 enim
833 3695 914 3747 modo
941 3712 970 3762 qr·

106 3771 209 3824 amiens
229 3787 287 3823 esse
307 3770 408 3838 poterit
428 3769 496 3838 ejus,
512 3771 557 3824 oui
576 3788 604 3824 se
624 3772 733 3840 putabit
752 3772 893 3826 inimicum
913 3791 966 3826 esse
