2436 4164
136 943 304 1020 LAELIUS
325 941 420 1020 SIVE
441 943 497 1017 DE
517 941 718 1018 AMICITIA
738 939 949 1018 DIAIOGUS

287 1167 318 1226 Τ.
343 1167 585 1224 POMPONIUM
607 1166 795 1226 ATTIGUM.

493 1277 592 1302 -ο-

529 1371 552 1426 Ι.

89 1479 119 1530 1.
149 1475 278 1540 Qumrus
308 1476 425 1529 Muclus
456 1492 544 1543 augur
564 1475 654 1528 multa
684 1491 792 1528 narrare
820 1474 854 1527 de
881 1473 913 1528 G.
934 1475 1029 1543 Leelic,

47 1572 141 1608 socero
161 1573 219 1622 suo,
235 1556 390 1608 memoriter
409 1558 438 1607 11
454 1555 577 1622 jucunde
600 1553 714 1620 solebat,
729 1571 780 1606 nec
800 1553 935 1620 dubitare,
951 1555 1031 1607 1111111

47 1635 169 1686 inomni
190 1650 312 1686 sermone
332 1635 467 1702 appellare
487 1633 657 1701 sapientem:
678 1649 728 1700 ego
746 1636 839 1685 autem
857 1649 874 1686 1
893 1637 970 1700 putre
986 1634 1031 1706 ⁴ita

48 1729 124 1764 eram
147 1712 281 1764 deductus
304 1713 339 1764 sd
364 1713 521 1779 Scaevolam,
545 1715 655 1780 sumpta
677 1711 750 1763 virili
771 1716 844 1780 toga,
870 1716 912 1779 ut,
938 1713 1030 1780 quoad

47 1808 156 1858 possem
170 1795 198 1843 et
212 1785 312 1858 liceret,
328 1809 345 1844 a
364 1792 436 1844 senis
449 1791 534 1844 letere
554 1808 697 1859 nunquam
713 1791 886 1844 discederem.
931 1791 1030 1859 Itaque

47 1871 137 1927 multe
164 1871 199 1922 ab
226 1887 257 1923 eo
284 1870 434 1938 prudenter
460 1870 609 1938 disputata,
637 1871 725 1922 multa
748 1869 831 1922 etiam
858 1869 978 1922 breviter
1001 1875 1030 1923 et

47 1949 188 2001 commode
212 1949 287 2001 dicte
310 1949 446 2002 memoriae
469 1949 642 2016 mandabam,
666 1948 778 2016 fierique
802 1948 945 2001 studebam
970 1949 1029 2018 ejus

47 2027 194 2095 prudentie
214 2027 327 2081 doctior.
371 2027 432 2090 Quo
449 2032 567 2094 mortue,
583 2045 626 2080 me
649 2027 685 2080 111
704 2024 862 2094 pontificem
880 2027 1029 2080 Scaevolam

48 2107 161 2171 contuli,
191 2124 273 2174 quem
299 2123 386 2159 unum
412 2111 513 2159 nostrae
537 2105 656 2158 civitatis
682 2109 710 2157 et
736 2105 845 2172 ingenio
867 2109 895 2157 et
919 2106 1030 2173 justitia

48 2175 305 2252 praestantissimum
327 2185 414 2237 audeo
428 2185 523 2238 dicere.
569 2184 623 2236 Sed
636 2184 670 2236 de
690 2184 741 2237 hoo
755 2183 840 2247 eiias3
860 2201 933 2236 nuno
946 2184 1029 2237 redeo

48 2265 82 2316 ad
106 2278 244 2331 augurem.
291 2265 315 2316 2.
349 2262 440 2326 Quum
460 2281 530 2331 saepe
554 2263 651 2330 multa,
674 2266 735 2316 tum
758 2262 878 2329 memini,
905 2262 980 2315 domi
999 2263 1029 2316 in

48 2343 207 2410 hemicyclio
231 2341 379 2409 sedentem,
401 2347 434 2395 ut
457 2343 570 2408 solebat,
592 2359 678 2410 quum
698 2345 727 2394 et
746 2358 796 2410 ego
819 2358 905 2394 essem
924 2359 980 2394 una
1000 2347 1028 2394 et

18 2454 21 2458 -
49 2422 128 2488 pauci
150 2421 298 2474 admodum
317 2421 472 2488 familiares,
487 2422 517 2474 in
537 2438 600 2473 eum
622 2438 773 2474 sermonem
796 2420 876 2473 illum
898 2421 1025 2487 incidere,

50 2501 171 2566 quitum
185 2500 241 2552 fere
255 2500 356 2552 eratin
371 2517 424 2552 ore.
468 2499 622 2552 Meministi
641 2501 715 2552 enim
734 2501 864 2568 profecto,
881 2500 981 2565 Attice,
999 2505 1027 2552 et

51 2596 81 2630 eo
95 2578 189 2645 magis,
205 2579 280 2646 quod
293 2579 324 2631 P.
343 2577 462 2646 Sulpicio
476 2579 588 2631 utebare
602 2579 737 2645 multum,
753 2595 839 2646 quum
859 2577 883 2630 is
899 2578 1027 2631 tribunus

51 2657 135 2722 plebis
149 2657 259 2724 capitali
279 2657 342 2710 odio
361 2674 378 2710 a
399 2655 433 2720 Q.
447 2657 587 2725 Pompeio,
603 2657 725 2725 quitum
745 2659 803 2709 erat
824 2655 1027 2723 (1011111111ιί-

51 2735 133 2800 deret,
154 2753 273 2802 quocum
292 2735 513 2804 conjunctissime
534 2739 562 2788 et
582 2736 766 2788 amantissime
785 2735 900 2802 vixerat,
924 2740 1027 2803 quanta

51 2813 191 2866 hominurn
217 2818 288 2866 esset
313 2815 358 2867 vel
385 2815 538 2880 admiratic,
561 2815 606 2866 vel
633 2815 750 2882 querele.
796 2817 820 2868 3.
845 2814 944 2882 Itaque
964 2818 1027 2868 tum

51 2891 178 2956 Scaevola,
201 2908 287 2958 quum
307 2893 336 2944 in
353 2910 413 2945 eam
435 2894 522 2960 ipsam
542 2893 710 2946 mentionem
728 2893 876 2960 incidisset,
900 2895 1026 2961 exposuit

50 2970 126 3022 nobis
150 2987 301 3022 sermonem
316 2971 395 3024 Lem
413 2971 449 3024 de
471 2971 600 3038 amicitia,
621 2971 747 3024 hobitum
767 2972 868 3024 abillo
888 2989 979 3024 secum
997 2977 1026 3025 et

50 3066 111 3102 cum
124 3048 209 3101 altero
221 3065 320 3115 genero
334 3050 362 3103 G.
376 3049 493 3116 Fannio,
506 3050 545 3104 M.
560 3051 603 3117 R,
613 3051 712 3118 'paucis
725 3049 821 3102 diebus
834 3054 896 3118 post
909 3053 1026 3103 mortem

50 3127 176 3180 Africani.
220 3127 289 3195 Ejus
315 3129 508 3196 disputationis
536 3130 686 3182 sententias
712 3129 849 3181 memoriae
875 3129 1025 3192 mandavi;

51 3223 115 3273 ques
128 3207 178 3258 hoc
191 3206 262 3258 libro
276 3207 389 3274 exposui
408 3208 544 3260 arbitratu
556 3225 636 3261 meo:
657 3208 735 3275 quasi
748 3208 820 3260 enim
834 3208 907 3275 ipsos
925 3207 1026 3260 induxi

50 3285 197 3354 loquentes,
212 3303 247 3336 ne
257 3285 378 3353 11111111
391 3290 419 3338 11
432 3286 529 3354 111111
542 3287 640 3354 saepius
652 3286 880 3353 interponeretur,
896 3289 979 3354 etque
992 3291 1026 3339 ut

50 3367 177 3431 tanquam
191 3381 208 3416 1
220 3364 400 3430 praesentibus
418 3381 509 3418 coram
528 3365 622 3417 haberi
641 3381 728 3416 sermo
741 3365 887 3417 videretur.
932 3363 1024 3428 Quum

51 3443 120 3495 enim
143 3459 214 3510 saepe
235 3458 342 3514 mecum
364 3459 464 3511 ageres,
489 3448 522 3496 ut
544 3443 578 3496 de
601 3443 720 3496 amicitia
742 3442 885 3494 scriberem
908 3443 1022 3512 aliquid,

51 3521 129 3588 digna
141 3521 210 3573 mihi
222 3537 265 3573 res
279 3516 365 3588 quum
381 3523 505 3574 omnium
525 3521 688 3590 cognitione,
703 3526 765 3573 tum
779 3525 872 3573 nostra
885 3521 1023 3574 familiari-

51 3604 105 3652 tate
128 3599 185 3652 visa
202 3603 251 3652 est.
296 3599 396 3669 Itaque
415 3601 469 3654 feci
485 3618 541 3654 non
564 3600 677 3666 invitus,
700 3603 732 3653 ut
753 3599 910 3668 prodessem
928 3600 1024 3653 multis

51 3683 143 3748 rogatu
155 3682 211 3732 tuo.
256 3680 283 3734 4.
308 3678 370 3748 Sed,
386 3683 419 3734 ut
438 3680 468 3732 in
483 3679 585 3733 Catone
598 3677 712 3747 Majore,
730 3679 779 3748 qui
793 3682 834 3731 est
852 3678 969 3748 scriptus
988 3697 1012 3733 11

882 3766 897 3804 c
