2436 4164
134 226 173 284 60
448 239 484 280 u.
504 238 614 282 ructu
636 239 804 282 crcnaoars

171 379 242 432 Tum
255 379 369 444 Brutus,
385 376 444 430 Ista
458 394 532 444 vero,
547 377 649 445 inquit,
666 395 749 446 quam
763 379 913 432 neucesaria
933 377 1045 444 fuennt,
1063 395 1119 431 non

130 459 209 514 facile
223 459 360 522 dixerim
378 457 502 526 juctmda
515 460 589 509 certe
612 457 682 509 mihi
704 457 818 510 fuerunt
841 475 931 526 neque
953 458 1042 510 solum
1063 475 1118 510 non

129 539 220 607 longa,
236 538 283 591 sed
297 537 380 590 etiam
393 536 518 589 breviora
531 553 615 604 quam
629 536 736 590 vellem.
781 536 901 605 Optime,
924 536 1046 605 inquam,
1071 537 1119 590 eed

129 620 272 672 veniamus
285 616 320 669 nd
333 619 450 681 nostroe,
466 615 500 666 de
514 615 615 683 quibus
629 615 737 669 difficile
746 620 788 669 eet
798 617 861 684 plus
870 615 1024 684 intelligere
1035 633 1118 684 quam

130 703 266 767 quantum
279 713 314 748 ex
327 694 513 748 monumentis
526 693 659 761 suspicari
671 694 743 748 licet.

169 777 249 831 XIV.
294 776 339 828 53.
365 773 432 837 Quis
445 773 519 825 euim
532 777 613 841 putet
626 776 676 826 aut
690 773 858 828 celeritatem
871 774 975 842 ingenii
985 773 1014 828 L.
1028 774 1118 828 Bruto

128 857 179 923 illi,
194 853 344 909 nobilitatis
357 856 456 905 vestrae
469 851 594 920 principi,
605 852 725 906 defuisse
737 853 747 906 l
760 854 809 921 qui
822 854 857 906 de
870 858 958 906 matre
967 854 1118 907 suavianda

129 953 163 988 ex
177 934 286 988 oraculo
300 932 438 1000 Apollinis
450 935 508 983 tam
521 937 601 984 acute
615 936 767 1000 arguteque
787 933 952 1000 conjecerit;
974 933 1024 1001 qui
1044 951 1117 986 sum-

128 1031 202 1067 mam
216 1011 390 1081 prudentiam
403 1010 577 1063 simulatione
591 1011 719 1064 stultitiae
740 1011 862 1074 texerit3
886 1011 936 1082 qui
959 1012 1116 1080 potentissi-

128 1110 205 1146 mum
218 1108 309 1160 regem
322 1089 463 1142 clarissimi
476 1089 547 1157 regis
569 1090 658 1142 filium
680 1090 816 1158 expulerit
841 1090 1036 1159 civitatemque
1056 1108 1116 1158 per-

127 1176 211 1240 petuo
234 1169 378 1223 dominatu
400 1169 545 1222 liberatam
568 1169 773 1236 magistratibus
794 1169 902 1236 annuis,
918 1170 1023 1238 legibus
1040 1171 1115 1238 judi-

127 1251 230 1319 ciisque
243 1248 399 1302 devinxerit
411 1267 418 1312 ;
438 1248 488 1316 qui
500 1249 613 1321 collegae
627 1265 677 1300 suo
690 1248 836 1317 imperium
849 1249 1030 1317 abrogaverit,
1046 1253 1080 1302 ut
1099 1269 1116 1303 e

128 1331 240 1384 civitate
261 1327 359 1396 regalis
379 1328 499 1380 nominis
522 1327 680 1380 memoriam
701 1328 831 1392 tolleret;
855 1329 931 1396 quod
954 1331 1026 1383 certe
1044 1330 1115 1382 effici

127 1427 183 1462 non
194 1409 338 1478 potuisset,
348 1407 401 1460 nisi
411 1411 482 1460 esset
492 1407 615 1459 oratione
623 1423 789 1474 persuasum.
834 1409 880 1461 54.
898 1406 1033 1460 Videmus
1045 1408 1114 1461 item

127 1490 220 1557 paucis
234 1488 312 1541 annis
326 1491 387 1555 post
401 1503 477 1554 reges
490 1491 608 1552 exactos,
625 1503 688 1538 cum
701 1486 794 1554 plebes
807 1503 891 1555 prope
900 1487 989 1554 ripam
997 1488 1113 1540 Anienis

127 1569 162 1621 ad
186 1568 300 1621 tertium
327 1566 474 1619 miliarium
495 1565 661 1618 consedisset
685 1583 803 1634 eumque
824 1571 946 1618 montem
968 1567 1017 1634 qui
1038 1584 1113 1620 sacer

127 1649 281 1716 appellatam
301 1650 342 1699 eet
362 1645 557 1712 occupavisset,
580 1643 620 1696 Μ.
649 1644 790 1698 Valerium
811 1645 973 1698 dictatorem
995 1646 1113 1700 dicendo

128 1727 262 1780 sedavisse
282 1724 441 1790 discordiae,
463 1723 543 1791 eique
563 1723 600 1776 ob
623 1740 683 1776 eam
709 1741 767 1777 rem
793 1724 910 1777 honores
931 1725 1113 1794 amplissimos

128 1807 244 1873 habites,
260 1809 288 1858 et
302 1803 497 1871 cumprimum
513 1803 549 1854 ob
562 1819 623 1854 eam
642 1802 729 1870 ipsam
750 1821 859 1856 causam
879 1804 1034 1857 Maximum
1054 1823 1113 1858 esee

127 1885 302 1954 appellatum.
347 1883 391 1934 Ne
415 1881 445 1934 L
471 1880 613 1934 Valerium
636 1881 749 1950 quidem
770 1882 897 1936 Potitum
917 1884 1036 1937 arbitror
1054 1902 1112 1938 non

157 1965 233 2033 'quid
243 1963 363 2033 potuisse
372 1961 496 2028 dicendo,
509 1960 559 2029 qui
568 1965 630 2029 post
638 1961 845 2015 decemviralem
857 1963 990 2016 invidiam
1004 1964 1112 2031 plebem

128 2063 157 2097 m
171 2048 262 2113 patrea
275 2043 418 2096 incitatam
431 2040 536 2109 legibus
549 2044 578 2093 et
592 2041 765 2094 contionibus
779 2042 836 2094 suis
848 2042 1021 2110 mitigaverit.
1061 2045 1106 2098 55.

128 2125 278 2178 Possumus
291 2123 413 2191 Appium
426 2120 572 2174 Claudium
585 2121 715 2189 suspicari
734 2120 877 2188 disertum,
899 2121 965 2189 quia
984 2127 1112 2176 senatum

125 2204 240 2272 jamjam
266 2203 429 2256 inclinatum
449 2218 466 2254 a
486 2200 587 2268 Pyrrhi
607 2217 672 2268 pace
693 2201 882 2265 revocaverit;
905 2217 1048 2268 possumus
1077 2203 1106 2255 O.

128 2283 293 2349 Fabricium,
309 2283 374 2350 quia
387 2281 424 2332 sit
437 2280 472 2333 ad
484 2279 622 2346 Pyrrhum
635 2279 670 2331 de
684 2279 798 2347 captivis
810 2281 1002 2348 recuperandis
1012 2281 1112 2334 missus

128 2367 238 2426 orator3
265 2361 304 2413 Ti.
336 2358 543 2424 Coruncanium,
574 2358 648 2424 quod
669 2375 705 2410 ex
725 2359 887 2425 pontificum
910 2361 1112 2413 commentariis

127 2443 207 2509 longe
221 2440 370 2508 plurimum
383 2436 493 2505 ingenio
506 2435 623 2488 valuisse
636 2437 762 2488 videatur
774 2457 780 2500 ;
795 2437 844 2492 M’.
863 2439 985 2506 (lunium,
1002 2439 1111 2507 quodie

127 2519 242 2572 tribuna
268 2518 364 2586 plebis,
379 2517 516 2582 interrege
529 2514 620 2582 Appio
634 2514 720 2582 Caeco,
737 2515 839 2570 diserto
859 2518 977 2585 homine,
1000 2519 1112 2571 comitia

128 2603 223 2652 contra
236 2536 309 2666 isges
321 2597 450 2661 habente,
473 2611 536 2647 cum
556 2593 590 2646 de
611 2593 689 2660 plebe
709 2596 849 2648 consulem
872 2613 929 2648 non
951 2597 1107 2665 accipiebat,

127 2683 219 2746 patrae
232 2681 296 2729 ante
309 2679 433 2728 auctores
446 2673 505 2725 fieri
518 2673 635 2740 coegerit
646 2691 654 2738 ;
674 2674 749 2742 quod
769 2675 824 2727 fuit
843 2692 1022 2743 permagnum
1041 2695 1111 2730 non-

128 2757 195 2809 dum
208 2757 267 2824 lege
281 2755 384 2808 Maenia
396 2754 460 2806 lata.
506 2754 551 2806 56.
576 2751 653 2805 Licet
666 2753 771 2821 aliquid
787 2753 870 2806 etiam
890 2754 925 2806 de
940 2755 979 2808 M.
997 2756 1111 2824 Popillii

127 2835 237 2903 ingenio
260 2835 398 2902 suspicari,
428 2832 476 2901 qui
502 2847 565 2884 cum
592 2832 687 2884 consul
713 2837 784 2884 esset
811 2832 961 2903 eodemque
987 2837 1111 2902 tempore

128 2913 288 2966 sacrificium
301 2913 441 2981 publicum
455 2928 518 2964 cum
530 2911 602 2964 leena
621 2911 730 2977 faceret,
756 2911 831 2979 quod
854 2916 912 2964 erat
934 2913 1032 2965 flamen
1047 2914 1111 2967 Oar-

128 2992 263 3058 mentalis,
281 2992 355 3059 plebi
368 2996 462 3044 contra
475 2995 566 3058 patres
579 2989 761 3042 concitatione
775 2994 803 3042 et
816 2990 949 3043 seditione
971 2993 1107 3058 nuntiata,

128 3078 161 3126 ut
174 3076 233 3125 erat
246 3072 319 3124 laena
331 3071 456 3136 amictus,
467 3070 506 3121 ita
515 3068 633 3120 venitin
647 3068 802 3120 contionem
815 3068 1032 3134 seditionemque
1046 3087 1110 3122 cum

128 3152 290 3206 auctoritate
316 3154 379 3202 tum
405 3147 527 3200 oratione
550 3147 663 3200 sedavit.
716 3147 769 3198 Sed
793 3162 838 3197 eoa
860 3150 980 3198 oratores
1000 3145 1111 3199 habitos

129 3250 195 3299 esse,
212 3236 260 3285 aut
274 3230 386 3283 omnino
399 3232 460 3279 tum
474 3226 562 3278 ullum
575 3225 740 3294 eloquentiae
761 3225 902 3292 praemium
923 3225 1015 3291 fuisse,
1038 3225 1111 3278 nihil

129 3329 192 3364 sane
206 3310 274 3363 mihi
286 3309 381 3377 legisse
394 3306 498 3371 videor,
513 3305 704 3358 tantummodo
718 3303 874 3370 conjectura
890 3304 976 3357 ducor
995 3304 1031 3358 ad
1051 3322 1110 3357 sue-

128 3390 282 3459 picandum.
327 3385 373 3445 tt.
396 3385 505 3438 Dicitur
524 3385 607 3438 etiam
627 3383 655 3437 O.
680 3382 841 3450 Flaminius,
866 3384 889 3436 is
913 3384 963 3453 qui
981 3384 1110 3438 tribunus

128 3469 216 3537 plebis
235 3469 323 3536 legem
336 3467 370 3520 de
384 3481 448 3534 agro
462 3463 567 3517 Gallico
581 3468 609 3516 et
622 3463 724 3516 Piceno
746 3461 848 3514 viritim
869 3464 1018 3517 dividendo
1031 3464 1108 3531 tulit,

128 3549 178 3616 qui
204 3547 299 3600 consul
319 3546 394 3614 apud
415 3545 631 3598 Trasumennum
654 3546 696 3595 eet
717 3541 886 3611 interfectus,
913 3544 949 3597 ad
976 3544 1110 3613 populum

128 3626 245 3679 valuisse
258 3625 381 3679 dicendo.
420 3624 451 3688 Q.
469 3623 552 3676 etiam
566 3622 706 3676 Maximus
714 3621 884 3677 Verrucosus
897 3629 988 3678 orator
998 3624 1110 3676 habitus

149 3709 171 3757 =t
183 3705 353 3773 temporibus
365 3703 420 3756 illis
433 3708 461 3756 et
475 3701 506 3766 Q.
525 3702 665 3769 Metellus,
686 3703 710 3755 is
723 3703 771 3771 qui
785 3702 858 3756 bello
872 3704 976 3756 Punico
990 3701 1111 3755 secundo
1212 3765 1213 3776 γ

165 3800 192 3835 m
205 3783 234 3836 L
255 3782 372 3838 Veturio
385 3783 501 3835 Philone
515 3783 609 3835 consul
621 3783 683 3836 fuit
