2436 4164
527 281 658 324 usurus.
1045 269 1083 326 31

100 415 136 469 de
162 415 271 484 vulgari
296 419 346 470 aut
372 415 407 468 de
433 415 572 484 mediocri,
597 433 660 484 quae
681 419 775 470 tenen
794 417 854 485 ipsa
871 422 899 470 et
916 418 1036 472 delectat
1056 423 1085 471 et

99 495 223 563 prodest,
240 495 287 548 sed
298 495 333 548 de
347 511 411 548 vera
424 499 453 546 et
466 495 586 562 perfecta
599 495 706 563 loquor,
721 495 810 564 qualis
823 513 927 564 eorum,
943 498 991 566 qui
1004 497 1084 566 pauci

100 574 288 640 nominantur,
301 574 363 627 fuit.
402 573 431 626 N
432 590 477 626 am
487 577 515 626 et
528 575 660 626 secundas
673 591 716 626 res
729 575 925 642 splendidiores
937 576 1004 628 facit
1017 576 1083 628 ami-

101 653 180 718 citia,
196 658 225 706 et
238 653 366 706 adversas
383 653 505 720 partiens
518 653 775 721 communicansque
788 653 910 708 leviores

143 731 211 785 VH.
257 733 302 786 23.
327 731 474 799 Quumque
496 731 628 799 plurimas
654 736 683 784 et
708 733 841 784 maximas
876 731 1083 786 commoditates

99 810 224 863 amicitia
237 811 386 876 contineat,
407 814 469 862 tum
491 810 539 862 illa
561 810 693 862 nimirum
713 815 826 878 praestat
849 812 985 878 omnibus,
1008 812 1083 879 quod

98 890 175 942 bona
188 907 236 958 spe
248 890 380 957 praelucet
393 889 422 941 in
435 892 582 957 posterum,
599 906 650 941 nec
662 889 801 942 debilitari
810 891 916 943 animos
928 894 978 943 aut
987 890 1083 942 cadere

99 968 215 1036 patitur.
250 968 356 1020 Verum
370 969 453 1020 etiam
466 968 584 1020 amicum
598 968 648 1036 qui
659 968 792 1034 intuetur,
804 973 936 1037 tanquam
945 969 1084 1037 exemplar

99 1047 215 1115 aliquod
228 1047 353 1100 intuetur
366 1046 416 1100 sui.
461 1045 593 1110 Quocirca
606 1051 635 1099 et
648 1047 774 1100 absentes
789 1048 900 1115 adsunt,
923 1053 951 1101 et
971 1051 1082 1116 egentes

100 1126 256 1192 abundant,
277 1130 306 1178 ct
332 1123 462 1178 imbecilli
482 1126 586 1192 valent,
612 1131 650 1192 et,
676 1126 750 1194 quod
773 1126 909 1180 difficilius
932 1127 1009 1181 dictu
1029 1131 1080 1193 est,

99 1205 206 1258 mortui
219 1205 339 1258 vivunt:
362 1209 459 1257 tantus
472 1221 518 1257 eoa
530 1205 626 1271 honos,
642 1205 780 1271 memoria,
804 1205 969 1259 desiderium
992 1222 1082 1274 prose-

100 1283 199 1351 quitur
211 1284 368 1336 amicornm.
412 1283 456 1336 Ex
470 1301 525 1351 quo
538 1283 648 1336 illorum
661 1283 742 1336 beata
754 1301 827 1336 mors
840 1285 969 1349 videtum
983 1285 1082 1337 horum

99 1363 162 1414 vita
180 1363 333 1415 laudabilis
378 1361 458 1426 Quod
481 1362 505 1414 si
525 1363 657 1414 exemeris
673 1379 707 1414 ex
730 1380 821 1416 rerum
844 1368 943 1416 natura
965 1363 1082 1416 benevo-

100 1441 197 1494 lentiae
210 1441 442 1510 conjunctionem,
468 1458 518 1494 nec
531 1441 629 1494 domus
642 1441 699 1494 ulla
711 1457 762 1494 nec
785 1442 851 1494 urbs
875 1446 946 1494 stare
960 1442 1062 1510 poterit
1075 1461 1082 1506 ;

99 1537 137 1572 ne
151 1520 210 1588 agri
229 1521 341 1588 quidem
361 1521 451 1573 cultus
472 1519 648 1588 permanebit.
693 1519 726 1572 Id
751 1519 774 1572 si
796 1521 887 1572 minus
907 1521 1080 1588 intelligitur,

89 1604 209 1666 'quanta
221 1599 263 1652 vis
276 1600 402 1652 amicitia
416 1598 621 1666 concordiaeque
641 1599 687 1666 sit,
710 1616 745 1652 ex
764 1598 978 1652 dissensionibus
997 1603 1082 1668 atque

100 1678 245 1730 discordiis
258 1679 361 1746 percipi
373 1682 471 1746 potest
516 1677 584 1741 Quae
597 1677 671 1730 enim
684 1677 782 1730 demus
802 1683 860 1730 tam
882 1678 998 1746 stabilis,
1020 1695 1082 1747 quae

100 1761 162 1810 tam
174 1757 253 1810 firma
266 1757 362 1810 civitas
382 1761 433 1824 est,
455 1773 518 1825 quae
538 1773 595 1808 non
618 1756 688 1810 odiis
709 1760 792 1824 atque
814 1757 933 1810 dissidiis
954 1757 1083 1810 funditus

100 1835 192 1903 possit
204 1835 313 1888 everti?
351 1836 396 1888 Ex
408 1852 473 1903 quo,
489 1839 625 1902 quantum
638 1835 703 1888 boni
716 1835 753 1888 sit
766 1836 795 1888 in
815 1836 944 1904 amicitia,
963 1835 1083 1905 judicari

101 1918 201 1982 potest.
261 1916 305 1968 24.
330 1914 541 1982 Agrigentinum
564 1913 676 1982 quidem
699 1914 811 1968 doctum
834 1915 973 1983 quendam
992 1915 1083 1968 virum

101 1993 269 2046 carminibus
283 1993 385 2046 Graecis
406 1992 587 2046 vatidnatum
604 1993 708 2060 ferunt,
734 2010 797 2061 quaa
818 1995 848 2046 in
869 2011 961 2046 rerum
982 1998 1083 2066 natura

101 2076 219 2140 totoque
232 2071 336 2125 munde
350 2075 515 2138 constarent,
551 2088 648 2139 uaeque
667 2075 851 2139 moverentur,
873 2089 906 2125 ea
924 2073 1083 2125 contrahere

101 2150 262 2218 amicitiam,
287 2151 417 2219 dissipare
440 2150 608 2204 dboordiarn.
665 2150 759 2218 Atque
782 2150 834 2202 hoc
857 2151 968 2219 quidem
989 2167 1084 2203 omnes

101 2221 233 2283 mortales
259 2235 289 2283 et
314 2230 484 2297 intelligmt,
511 2233 541 2281 et
567 2246 596 2282 ra
623 2229 747 2296 probant.
796 2228 906 2296 Itaque,
929 2228 1084 2297 siquando

101 2309 217 2377 aliquod
230 2309 349 2362 officium
371 2308 480 2361 exstitit
502 2308 582 2360 amici
605 2307 635 2360 in
658 2307 785 2376 periculis
807 2312 857 2360 aut
880 2307 1014 2360 adeundis
1034 2311 1084 2360 aut

102 2387 344 2454 communicandis,
360 2387 486 2456 quisset,
502 2386 550 2455 qui
562 2387 592 2439 id
604 2403 660 2439 non
674 2385 801 2439 maximis
820 2387 915 2439 efferat
934 2386 1085 2440 laudibus?

103 2465 161 2529 Qui
174 2467 304 2519 clamores
316 2471 377 2518 tota
397 2482 479 2518 eavea
497 2483 586 2533 nuper
605 2465 635 2518 in
659 2465 775 2533 hospitis
798 2469 827 2518 et
849 2465 929 2518 amici
951 2465 1015 2532 mei,
1040 2464 1079 2518 M.

103 2545 229 2612 Pacuvii,
244 2562 316 2598 nova
329 2545 441 2598 fabula:
456 2561 552 2612 quum,
566 2543 709 2611 ignorante
723 2544 808 2612 Rege,
824 2549 887 2596 uter
899 2560 993 2597 eornm
1013 2548 1085 2596 esset

104 2623 225 2690 Orestes,
241 2623 359 2690 Pylades
373 2623 498 2675 Orestem
511 2639 569 2674 esse
582 2639 610 2674 se
624 2623 735 2689 diceret,
752 2627 785 2675 ut
798 2639 847 2690 pro
860 2623 908 2675 illo
921 2626 1084 2686 necaretur;

104 2702 216 2755 Orestes
238 2707 341 2768 autem,
369 2702 410 2754 ita
436 2705 469 2753 ut
492 2705 561 2767 erat,
590 2700 714 2754 Orestem
741 2717 770 2753 se
796 2718 854 2754 esse
880 2704 1084 2769 perseveraret!

104 2781 216 2834 Stantes
229 2781 397 2849 plaudebant
409 2780 440 2832 in
452 2797 482 2832 re
495 2779 559 2832 ficta
573 2798 578 2832 :
593 2779 661 2846 quid
674 2779 838 2832 arbitramur
851 2779 881 2832 in
890 2796 956 2832 vera
965 2780 1085 2834 facturos

104 2859 212 2912 fuisset
250 2859 342 2912 Facile
354 2859 494 2912 indicabat
506 2858 565 2926 ipsa
578 2857 742 2910 naturavim
755 2874 842 2924 suam,
855 2875 942 2926 quum
951 2859 1084 2924 homines,

105 2939 182 3006 quod
194 2940 283 2991 fecere
295 2938 348 3006 ipsi
360 2955 417 2990 non
430 2942 549 3005 possent,
564 2937 594 2989 id
606 2941 680 2989 recte
693 2935 753 2988 fieri
766 2936 796 2988 in
816 2937 901 2990 altero
917 2937 1082 3005 judicarent.

2 3057 3 3096 2
106 3017 252 3070 Hactenus
278 3017 347 3069 milri
373 3017 476 3082 videor,
504 3015 538 3068 de
561 3015 681 3068 amicitia
705 3015 771 3083 quid
796 3015 935 3083 sentirem,
965 3016 1086 3084 potuisse

106 3097 203 3148 dicere.
248 3095 278 3148 si
290 3113 345 3163 qua
358 3099 489 3162 praeterea
508 3098 583 3161 sunt,
606 3094 697 3162 (credo
717 3098 811 3146 autem
832 3112 889 3147 esse
912 3094 1001 3147 multa
1015 3095 1032 3163 ε)
1052 3093 1087 3146 ab

106 3175 149 3241 iis,
178 3175 202 3227 si
225 3174 373 3240 videbitur,
397 3174 446 3242 qui
468 3173 522 3226 ista
543 3173 695 3241 disputant,
722 3173 873 3240 quaeritote.
920 3175 964 3226 25.
989 3172 1082 3224 nass.

106 3254 136 3306 N
138 3271 169 3306 es
178 3270 243 3306 vero
256 3271 273 3306 a
285 3258 314 3306 te
326 3253 419 3320 potius
432 3271 438 3306 :
452 3269 610 3321 quanquam
623 3252 707 3304 etiam
720 3252 755 3303 ab
768 3251 828 3304 istis
841 3268 912 3318 saepe
926 3250 1047 3318 quaesivi,
1059 3253 1088 3302 et

106 3333 201 3385 audivi
214 3349 271 3385 non
283 3332 389 3384 invitm
402 3332 529 3399 equidem
543 3350 550 3393 ;
564 3331 612 3382 sed
625 3329 701 3383 aliud
714 3330 853 3398 quoddam
866 3329 945 3381 filum
958 3327 1087 3381 orationi

107 3416 172 3464 tuae,
217 3411 305 3465 Scau.
350 3411 421 3462 Tum
434 3410 520 3477 magis
532 3409 562 3461 id
576 3409 688 3476 diceres,
703 3408 802 3474 Fanni,
818 3408 841 3459 si
854 3424 941 3474 nuper
954 3407 983 3458 in
1003 3407 1047 3459 hor

108 3490 250 3558 Scipionis,
266 3507 353 3557 quum
366 3493 408 3541 est
421 3489 456 3540 de
469 3505 499 3540 re
512 3488 622 3556 publica
634 3487 815 3555 disputatum,
831 3486 960 3539 affuisses.
995 3485 1031 3548 Qe

107 3574 169 3621 tum
182 3573 316 3637 patronus
326 3568 445 3636 justitiae
458 3566 523 3633 fuit,
538 3571 634 3619 contra
647 3569 802 3618 accuratam
822 3564 974 3617 orationem
994 3563 1023 3616 Ρ1

98 3648 201 3701 Faus,
239 3647 330 3700 Facile
342 3647 371 3698 id
385 3645 497 3714 quidem
515 3646 579 3712 fuit,
596 3643 735 3712 justitiam
750 3643 902 3712 justissimo
920 3643 979 3696 viro
997 3642 1015 3695 d

109 3727 179 3780 dere.
224 3726 313 3780 Sana.
359 3724 432 3789 Quid
446 3724 615 3778 amicitiani
655 3722 756 3776 Nonne
776 3721 855 3776 facile
869 3723 904 3790 ei,
920 3723 969 3791 qui
982 3721 1015 3776 ob
