2436 4164
514 239 647 282 neurus.
1035 227 1072 286 75

88 378 251 446 reliquaque
271 377 345 429 omni
365 377 424 429 vita
444 377 511 430 civis
537 378 685 446 improbus,
708 377 736 430 (l.
761 378 881 432 Licinius
901 379 996 434 Nerva
1014 398 1071 435 non

87 457 238 508 indisertus
251 457 312 508 fuit
357 455 386 510 O.
401 455 521 508 Fimbria
534 457 702 524 temporibus
715 456 812 510 iisdem
825 458 890 524 fere,
903 459 951 510 sed
964 460 1072 527 longius

88 539 172 586 aetate
195 539 349 602 provectus,
371 533 482 587 habitus
503 539 545 587 est
566 553 640 601 sane,
665 540 699 587 ut
721 535 762 587 ita
781 535 877 601 dicam,
905 537 1066 604 lutulentus,

87 631 176 680 asper,
191 613 357 666 maledicus:
377 631 474 680 genero
487 617 547 666 toto
560 614 641 682 paulo
658 614 789 666 fervidior
802 619 884 682 atque
899 617 1066 682 commotior,

86 692 230 758 diligentia
249 696 342 743 tamen
362 696 391 743 et
410 692 512 744 virtute
533 692 615 744 animi
636 697 719 760 atque
739 693 797 744 vita
817 693 905 745 bonus
924 699 1020 746 auctor
1039 695 1069 748 in

86 775 205 833 senatu3
224 770 298 822 idem
317 770 466 822 tolerabilis
486 775 617 838 patronus
636 787 686 823 nec
709 771 785 822 rudis
805 771 915 838 injure
935 772 1018 838 civili,
1040 778 1068 825 et

86 865 151 900 cum
177 849 281 901 virtute
306 852 368 900 turn
394 849 477 901 etiam
504 849 562 916 ipso
589 849 719 902 orationis
744 866 842 916 genere
868 849 955 914 liber;
989 851 1068 916 cujus

86 928 224 980 orationes
245 928 323 995 pueri
344 927 508 994 legebamus,
535 945 602 995 quas
620 928 679 996 jam
702 928 819 994 reperire
839 928 887 982 vix
913 945 1063 996 possumus

89 1007 156 1059 130.
181 1007 273 1073 Atque
299 1007 383 1058 etiam
409 1006 518 1073 ingenio
546 1010 574 1058 et
600 1023 723 1058 sermone
750 1006 878 1074 eleganti,
908 1007 1066 1061 valetudine

86 1083 299 1136 incommodet).
318 1083 436 1156 Sextius·
442 1083 572 1138 Calvinus
584 1085 639 1138 fuit
653 1104 659 1148 ;
680 1084 729 1152 qui
746 1085 805 1151 etsi,
823 1101 886 1137 cum
904 1086 1066 1147 remiserant

87 1163 194 1214 dolores
220 1163 330 1230 pedum,
358 1179 415 1215 non
441 1162 535 1216 deerat
560 1163 589 1214 in
617 1163 713 1229 causis,
735 1167 828 1216 tamen
855 1163 885 1216 id
911 1181 967 1216 non
994 1182 1065 1232 saepe

86 1241 218 1303 faciebat;
238 1241 331 1308 itaque
345 1241 457 1293 consilio
466 1241 536 1309 ejus,
548 1259 610 1294 cum
621 1241 759 1308 volebant,
771 1240 894 1294 homines
904 1244 1063 1310 utebantur,

86 1319 246 1386 patrocinio,
271 1337 333 1372 cum
359 1319 466 1372 licebat.
510 1319 612 1372 Iisdem
639 1320 806 1388 temporibus
833 1321 872 1374 M.
898 1321 1009 1388 Brutus,
1034 1323 1065 1374 in

87 1415 142 1464 quo
165 1415 295 1464 magnum
317 1398 381 1464 fuit,
408 1398 503 1464 Brute,
529 1398 647 1451 dedecus
670 1398 763 1466 generi
788 1403 879 1450 vestro
891 1417 899 1462 ;
919 1399 977 1466 qui,
1001 1416 1064 1453 cum

87 1481 166 1528 tanto
187 1476 296 1528 nomine
318 1482 398 1542 essct,
422 1481 581 1544 patremque
610 1477 744 1544 optimum
763 1476 854 1528 virum
873 1477 1013 1530 habuisset
1036 1483 1064 1530 et

83 1555 155 1621 juris
191 1555 392 1622 peritissimum,
427 1555 623 1608 accusationem
669 1555 844 1621 factitaverit,
879 1559 911 1608 ut
948 1555 1065 1608 Athenis

87 1633 233 1700 Lycurgus.
276 1633 306 1686 Is
338 1635 513 1701 magistratus
545 1651 601 1686 non
633 1633 741 1700 petivit,
770 1634 818 1687 sed
843 1634 898 1686 fuit
924 1639 1065 1687 accusator

88 1712 232 1764 vehemens
259 1716 287 1764 et
313 1713 453 1778 molestus,
475 1716 509 1764 ut
528 1712 606 1764 facile
633 1729 755 1764 cerneres
780 1713 905 1766 naturale
925 1713 1064 1780 quoddam

86 1791 178 1856 stirpis
191 1791 294 1855 bonum
307 1790 510 1858 degeneravisse
529 1791 598 1843 vitio
617 1789 771 1858 depravatae
793 1790 948 1844 voluntatis.
994 1793 1059 1845 131.

86 1870 179 1936 Atque
202 1869 296 1920 eodem
316 1875 438 1936 tempore
459 1873 598 1922 accrasator
618 1869 653 1920 de
673 1869 752 1936 plebe
772 1869 802 1920 1.
821 1869 978 1922 Caesulenus
997 1869 1061 1936 fuit,

87 1963 169 2026 qpem
182 1964 231 2014 ego
244 1947 337 1999 audivi
357 1947 415 2014 jam
429 1964 530 2012 senem,
545 1963 608 1999 cum
628 1948 663 1999 ab
684 1947 714 1999 1.
732 1945 849 1999 Sabellio
868 1948 985 2000 multam
1004 1948 1063 2015 lege

86 2025 199 2092 Aquilia
211 2025 304 2077 damni
316 2025 418 2092 injuria
435 2025 582 2092 petivisset.
626 2025 692 2077 Non
705 2025 828 2078 fecissem
847 2025 966 2077 hominis
985 2042 1062 2092 paene

86 2103 174 2156 infimi
187 2103 363 2168 mentionem,
378 2103 432 2156 nisi
446 2103 606 2171 judicarem,
622 2103 671 2170 qui
690 2103 862 2170 suspiciosius
875 2107 924 2155 aut
938 2103 1063 2156 crimino-

86 2182 143 2233 sius
156 2181 267 2246 diceret,
283 2182 419 2234 audivisse
431 2199 476 2234 me
486 2181 629 2234 neminem.

125 2259 247 2312 XXXV.
271 2260 375 2312 Doctus
394 2261 477 2312 etiam
497 2259 599 2312 Graecis
618 2260 647 2312 Τ.
665 2259 804 2325 Albucius,
821 2259 866 2312 vel
878 2259 969 2326 potius
982 2259 1063 2326 plane

86 2337 204 2391 Graecus.
249 2337 365 2405 Loquor,
382 2343 415 2390 ut
428 2339 524 2406 opinor
538 2357 544 2401 ;
565 2338 613 2390 sed
625 2337 689 2389 licet
702 2354 737 2388 ex
750 2337 918 2390 orationibus
928 2337 1074 2405 judicare.-

85 2415 152 2468 Fuit
165 2421 259 2468 autem
272 2416 389 2468 Athenis
411 2417 575 2482 adolescens,
590 2416 727 2483 perfectus
749 2415 898 2482 Epicureus
919 2421 1041 2469 evaserat
1056 2435 1062 2470 ι

84 2495 196 2546 minime
210 2499 304 2561 aptum
317 2494 353 2546 ad
366 2495 512 2546 dicendum
524 2511 616 2562 genus.
661 2495 726 2547 132.
750 2493 771 2546 J
771 2511 816 2546 am
830 2493 865 2556 Q.
874 2493 996 2560 Catulus,
1006 2511 1063 2548 non

84 2573 198 2639 antiquo
206 2572 253 2624 illo
263 2589 346 2638 more,
358 2573 405 2626 sed
418 2573 470 2625 hoc
479 2577 581 2638 nostro,
593 2571 647 2624 nisi
660 2571 726 2639 quid
734 2571 794 2624 fieri
805 2575 896 2638 potest
905 2573 1060 2638 perfectius,

85 2651 216 2703 eruditus.
240 2651 340 2702 Multae
353 2651 462 2716 litterae,
479 2667 585 2702 summa
597 2667 653 2702 non
666 2649 732 2702 vitae
745 2650 834 2702 solum
847 2653 930 2716 atque
943 2653 1060 2716 naturae,

84 2729 131 2780 sed
145 2729 276 2780 orationis
289 2728 371 2782 etiam
385 2729 506 2794 comitas,
518 2728 674 2795 incorrupta
687 2727 814 2794 quaedam
827 2727 919 2778 Latini
932 2729 1063 2780 sermonis

84 2807 248 2874 integritas3
270 2823 332 2874 quae
345 2807 459 2874 perspici
479 2824 540 2859 cum
561 2825 596 2859 ex
616 2805 784 2858 orationibus
805 2804 865 2872 ejus
885 2809 986 2870 potest,
1001 2808 1060 2858 tum

83 2885 211 2938 facillime
225 2902 259 2936 ex
273 2902 305 2937 eo
324 2885 403 2951 libro,
419 2902 501 2952 quem
514 2885 548 2938 de
562 2875 705 2936 consulatu
719 2887 748 2935 et
761 2883 796 2936 de
809 2883 889 2934 rebus
902 2883 986 2950 gestis
1006 2885 1063 2936 suis

85 2963 268 3030 conscriptum
288 2964 364 3016 molli
377 2968 405 3015 et
419 2963 620 3030 Xenophonteo
632 2978 729 3030 genere
743 2961 874 3014 sermonis
887 2961 962 3014 misit
975 2961 1011 3014 ad
1024 2964 1057 3014 A.

83 3041 199 3094 Furium
213 3047 331 3108 poetam,
346 3042 507 3094 familiarem
530 3057 630 3104 suum;
660 3039 708 3107 qui
721 3039 790 3092 liber
810 3040 896 3093 nihilo
917 3039 1008 3092 notior
1021 3043 1062 3092 est

83 3137 167 3187 quam
187 3119 229 3170 illi
248 3123 313 3186 tres,
328 3120 363 3172 de
387 3121 486 3188 quibus
503 3123 568 3170 ante
589 3118 657 3184 dixi,
674 3117 767 3170 Scauri
788 3118 857 3170 libri
903 3119 967 3170 133.
992 3117 1062 3168 Tum

84 3198 189 3250 Brutus
202 3215 208 3250 :
229 3197 301 3250 Mihi
313 3197 426 3266 quidem
435 3215 484 3250 nec
497 3197 548 3248 iste
561 3201 644 3248 notus
654 3200 696 3248 est
709 3212 760 3248 nec
772 3195 814 3246 illi
825 3194 920 3258 ;—sed
930 3193 989 3246 haec
1002 3209 1062 3246 mea

84 3277 164 3344 culpa
188 3279 248 3329 est:
269 3294 410 3344 nunquam
424 3277 496 3329 enim
519 3275 548 3326 in
569 3291 667 3326 manus
688 3273 956 3325 inciderunt-nunc
969 3275 1062 3322 autem

83 3361 112 3408 et
126 3372 142 3408 a
155 3359 185 3407 te
199 3371 305 3408 sumam
319 3360 347 3410 et
357 3355 515 3422 conquiram
524 3353 578 3405 ista
590 3352 702 3420 posthac
716 3349 855 3403 curiosius.
898 3348 964 3400 Fuit
977 3348 1063 3415 igitur

83 3433 113 3486 in
136 3432 235 3486 Oatulo
255 3451 343 3486 sermo
362 3433 495 3494 Iatinus;
516 3447 578 3498 ques
591 3431 651 3482 laus
663 3427 772 3481 dicendi
792 3443 849 3479 non
871 3426 1014 3478 mediocris
1027 3427 1062 3480 ab

83 3511 237 3566 oratoribus
249 3512 384 3578 plerisque
403 3511 527 3576 neglecta
540 3511 588 3560 est.
633 3507 706 3559 Nam
719 3505 754 3557 de
767 3521 833 3558 sono
846 3504 919 3556 vocis
932 3507 961 3556 et
973 3504 1061 3558 suavi·

83 3595 142 3644 tate
155 3589 378 3658 appellandarum
400 3587 563 3652 litterarum,
579 3585 708 3654 quoniam
721 3583 808 3635 filium
830 3581 988 3648 cognovisti,
1004 3581 1062 3634 noli

85 3672 240 3738 exspectare
254 3665 321 3734 quid
334 3665 430 3720 dicam.
478 3664 641 3731 Quanquam
653 3662 726 3715 filius
748 3660 859 3730 quidem
879 3676 936 3782 neq
957 3660 1011 3714 fuit
1031 3659 1062 3714 in

887 3746 904 3783 n
