2436 4164
161 291 200 346 86
467 306 503 347 u.
523 306 633 348 notun
653 295 820 349 cressonis

161 451 220 502 tam
233 463 349 514 gravem,
367 449 426 498 tam
438 446 567 511 facetum,
583 444 626 498 his
640 445 795 511 anteferret,
813 461 895 512 quem
908 445 1077 513 nosmetipsi,
1096 447 1144 514 qui

161 526 221 578 haec
247 530 305 578 arte
331 525 423 592 eliqua
449 524 577 576 volumus
603 525 763 590 expendere,
794 523 950 591 proximum
976 523 1032 576 illis
1059 525 1143 577 fuisse
1202 530 1203 554 ¹

162 604 303 656 diximusf
341 601 432 655 Nemo
445 603 587 669 profect03
606 602 636 655 id
649 602 722 654 enim
735 603 825 669 ipsum
838 605 880 654 est
903 603 1004 654 summi
1026 605 1143 656 oratoris

162 699 300 734 summum
313 685 448 734 oratorem
470 680 571 747 populo
593 679 688 733 videri.
733 681 798 736 187.
822 679 912 742 Quare
936 681 1039 732 tibicen
1060 683 1142 734 Anti-

162 761 274 827 genidas
286 759 386 812 dixerit
399 757 533 826 discipulo
545 774 610 810 sane
623 758 735 826 frigenti
755 759 791 811 ad
803 759 953 826 populum:
979 760 1064 812 ‘milet
1077 777 1141 813 cam

163 843 188 890 ct
200 839 290 892 Musio
300 838 326 903 ,·'
348 853 398 905 ego
411 837 475 889 huie
488 837 576 888 Bruto
589 836 698 902 dicenti,
710 838 827 903 utsolet,
839 836 913 904 apud
921 837 1137 906 multitudinem,

168 917 251 968 ‘mihi
264 932 329 968 caue
342 919 366 968 et
378 916 483 982 populo,
500 915 540 966 mi
553 915 655 968 Brute'
668 915 784 967 dixerim
796 935 803 978 ;
823 919 855 967 ut
869 914 918 983 qui
931 915 1056 983 audient,
1072 919 1140 985 quid

163 995 301 1059 efficiatur,
319 1011 368 1061 ego
381 994 473 1059 etiam,
489 1009 537 1045 esur
546 993 576 1044 id
584 993 724 1059 efficiatur,
735 993 892 1060 intelligam
917 992 1067 1062 Crediteis,
1077 1013 1140 1063 quac

164 1073 303 1137 dicuntur,
318 1073 367 1140 qui
380 1072 458 1124 audit
471 1075 607 1124 oratorem
619 1091 626 1135 ;
639 1088 711 1124 aera
723 1076 815 1138 putat,
837 1071 995 1138 assentitur,
1018 1074 1119 1141 probat
1134 1095 1140 1136 ;

162 1151 245 1203 fidem
258 1151 324 1203 facit
337 1151 425 1204 oratio
437 1168 443 1203 :
456 1153 490 1201 tu
503 1149 603 1202 artifex
617 1150 683 1218 quid
692 1151 791 1218 quaeris
801 1149 933 1218 ampliusf
956 1153 1019 1205 188.
1043 1152 1140 1204 Delec-

162 1233 239 1282 tatur
251 1229 364 1282 audisns
378 1227 536 1294 multitudo,
552 1233 581 1280 et
593 1227 704 1281 ducitur
716 1229 847 1295 oratione,
863 1233 892 1282 et
905 1229 983 1295 quasi
996 1230 1140 1298 voluptate

162 1307 281 1376 quadam
302 1307 494 1375 perfunditur:
522 1305 590 1374 quid
613 1307 696 1360 habes
722 1307 797 1375 quod
823 1307 965 1375 disputes?
1015 1307 1137 1375 Gaudet,

162 1387 245 1452 dolet,
261 1385 343 1452 ridet,
357 1387 456 1454 plorat,
472 1385 557 1450 favet,
572 1383 641 1450 odit,
656 1386 816 1451 contemnit,
833 1385 958 1448 invidet;
977 1386 1013 1438 ad
1034 1388 1139 1440 miseri-

162 1465 280 1517 cordiam
294 1465 443 1532 inducitur,
458 1463 493 1516 ad
506 1463 674 1531 pudendum,
690 1464 726 1516 ad
738 1463 887 1531 pigendum
899 1483 905 1518 :
918 1465 1053 1532 irascitur,
1064 1468 1139 1518 miti-

161 1548 251 1610 gatur,
274 1548 374 1611 sperat,
398 1543 500 1605 timet;
528 1541 587 1594 hec
609 1541 721 1608 perinde
742 1542 879 1609 accidunt,
903 1549 935 1596 ut
959 1560 1062 1609 eorum,
1090 1547 1140 1612 qui

161 1623 272 1688 adsunt,
292 1626 397 1674 mentes
410 1621 499 1673 verbis
512 1624 541 1671 et
562 1619 705 1672 sententiis
718 1624 747 1672 et
760 1620 866 1673 actione
879 1625 1049 1675 tractantur:
1070 1625 1139 1690 quid

162 1705 203 1752 est
227 1700 302 1768 quod
325 1703 497 1767 exspectetur
522 1697 597 1750 docti
620 1698 736 1765 alicujus
758 1699 915 1754 sententiai
955 1699 1036 1763 Quod
1064 1703 1139 1754 enim

161 1779 258 1846 probat
271 1778 432 1843 multitudo,
447 1778 498 1829 hoc
511 1776 584 1828 idem
597 1775 685 1828 doctis
698 1777 869 1844 probandum
877 1784 926 1832 est.
947 1779 1076 1846 Denique
1086 1781 1139 1832 hoc

161 1857 297 1927 specimen
310 1860 352 1907 est
364 1856 501 1923 popularis
511 1853 618 1923 judicii,
634 1854 664 1906 in
677 1872 732 1930 quo
745 1857 950 1924 nunquamfuit
959 1858 1061 1926 populo
1075 1875 1139 1911 cum

161 1935 249 1986 doctis
275 1934 546 2004 intelligentibusque
569 1934 707 1987 dissensio.
754 1937 817 1988 189.
842 1935 911 1988 Cum
937 1937 1020 1988 multi
1046 1943 1139 1990 essem
1204 1973 1206 1984 .

161 2017 281 2068 emtores
293 2013 323 2068 in
336 2015 412 2068 vario
424 2031 521 2082 genere
534 2012 652 2078 dicendi,
668 2013 729 2080 quis
742 2031 865 2082 uuquam
883 2031 918 2067 ex
941 2015 984 2067 his
1002 2016 1138 2068 excellere

159 2094 298 2160 judicatus
312 2097 354 2147 est
366 2094 443 2161 vulgi
452 2091 565 2161 judicio,
583 2091 631 2158 qui
643 2108 700 2144 nou
713 2091 787 2144 idem
807 2109 825 2144 a
845 2093 933 2145 doctis
954 2094 1138 2160 probaretur?
1206 2127 1207 2130 =

162 2172 278 2236 Quando
291 2178 384 2225 autem
397 2173 512 2224 dubium
525 2170 623 2222 fuisset
636 2170 710 2237 apud
722 2174 814 2237 patres
826 2177 942 2237 nostros,
959 2169 1080 2238 eligendi
1093 2174 1138 2225 cui

161 2252 269 2318 patroni
281 2252 393 2304 daretur
406 2251 489 2317 optio,
503 2249 571 2316 quin
584 2252 633 2300 aut
645 2249 799 2302 Antonium
812 2253 919 2316 optaret
932 2255 982 2302 aut
992 2250 1138 2302 Crassumf

161 2329 284 2381 Aderant
307 2329 389 2381 multi
411 2328 478 2391 alii;
497 2331 591 2380 tamen
612 2330 707 2378 utrum
730 2326 765 2380 de
788 2327 830 2380 his
856 2329 955 2394 potius,
983 2328 1137 2381 dubitasset

161 2407 268 2473 aliquis,
285 2407 352 2474 quin
365 2407 490 2472 alterum,
508 2420 595 2456 nemo.
640 2403 731 2467 Quid?
750 2405 967 2458 adolescentibus
980 2407 1060 2459 nobis
1073 2424 1137 2460 oum

161 2489 231 2537 esset
257 2484 339 2536 Cotta
365 2488 394 2536 et
420 2483 593 2548 Hortensius,
621 2498 689 2535 num
716 2485 785 2551 quis,
816 2485 860 2536 oui
881 2485 993 2552 quidem
1016 2485 1137 2552 eligendi

160 2567 280 2630 potatu
293 2566 550 2630 essetquamquam
564 2561 605 2612 his
618 2562 818 2629 anteponebatl

200 2641 246 2694 LI„
292 2642 356 2694 190.
380 2641 450 2693 Tum
471 2640 583 2706 Brutus,
600 2637 674 2701 Quid
690 2645 733 2706 tu,
755 2641 856 2708 inquit,
873 2641 972 2709 quaeris
995 2641 1079 2695 aliosi
1101 2643 1136 2696 de

160 2724 189 2772 te
201 2721 260 2788 ipso
272 2736 373 2786 nonne,
386 2719 453 2788 quid
466 2723 592 2786 optarent
604 2718 653 2784 rei,
666 2719 734 2786 quid
746 2719 804 2786 ipse
816 2718 983 2772 Hortensius
993 2721 1134 2787 judicaret

160 2798 338 2851 videbamusf
365 2799 496 2866 quicum
518 2798 666 2864 partiretur
687 2801 779 2849 tecum
802 2813 1038 2866 causas‚—saepe
1061 2801 1136 2852 enim

159 2876 455 2944 interfui-perorandi
467 2876 567 2942 locum,
583 2877 632 2930 ubi
644 2876 793 2944 plurimum
811 2876 898 2943 pollet
915 2877 1010 2942 oratio,
1028 2893 1136 2946 semper

159 2954 212 3005 tibi
224 2954 403 3021 relinquebat.
446 2953 575 3006 Faciebat
587 2956 634 3008 ille
647 2954 768 3022 quidem,
783 2953 903 3021 inquam,
921 2955 1031 3007 etmihi
1054 2957 1135 3009 bene-

159 3032 290 3098 volentia,
305 3033 393 3098 credo,
410 3031 510 3084 ductus
522 3033 662 3085 tribuebat
674 3032 771 3085 omnia
815 3032 870 3084 Sed
883 3049 941 3100 ego,
958 3049 1022 3100 quse
1034 3033 1070 3086 de
1089 3052 1135 3087 me

159 3109 254 3180 populi
276 3110 313 3162 sit
336 3110 437 3177 opinio,
460 3110 568 3163 nescio:
589 3111 624 3164 de
641 3110 754 3177 reliquie
771 3109 822 3162 hoc
843 3111 956 3176 affirmo,
985 3111 1034 3178 qui
1057 3114 1137 3180 vulgi

159 3189 287 3257 opinione
300 3187 485 3240 dissertissimi
497 3187 584 3240 habiti
597 3189 661 3254 sint,
676 3188 783 3240 eosdem
797 3188 1009 3256 intelligentium
1023 3207 1135 3259 quoque

158 3267 261 3320 ‘udicio
273 3267 356 3319 fuisse
369 3266 578 3334 probatissimos
624 3269 688 3320 191.
712 3266 773 3320 Neo
786 3267 859 3319 enim
872 3271 963 3334 posset
984 3268 1058 3320 idern
1079 3269 1134 3321 De-

158 3346 314 3399 mosthenes
334 3344 430 3411 dicere,
448 3344 523 3412 quod
544 3344 645 3397 dixisse
662 3345 865 3412 Antimachum,
890 3346 994 3398 clarum
1011 3351 1130 3414 poetam,

157 3424 260 3489 ferunt,
271 3423 319 3492 qui
328 3440 391 3476 cum
404 3422 558 3475 convocatis
567 3423 738 3476 auditoribus
747 3423 849 3490 legeret
862 3423 901 3476 eis
910 3441 1041 3491 magnum
1050 3425 1132 3491 illud,

157 3502 232 3568 quod
246 3502 369 3568 novistis,
384 3502 513 3554 volumen
531 3518 619 3568 suum,
641 3507 669 3554 et
682 3518 746 3554 eum
759 3502 895 3568 legentem
917 3519 1012 3554 omnes
1031 3508 1135 3570 praeter

158 3579 302 3632 Platonem
314 3579 496 3647 reliquissent,
517 3580 651 3652 ‘Lepomss
665 3580 765 3646 inquit,
791 3581 893 3632 ‘scibile
917 3581 1028 3632 mutus:
1049 3581 1134 3634 Pluto

157 3658 228 3708 arum
240 3658 309 3710 miti
320 3674 392 3709 usura
404 3659 492 3710 buter
505 3661 544 3711 est
552 3657 678 3710 miluom)
719 3657 756 3708 Et
776 3661 850 3709 recte
862 3677 869 3721 ;
888 3663 985 3724 poema
1002 3658 1074 3710 enim
1091 3677 1135 3712 ru·

162 3735 297 3786 eonditum
310 3752 458 3803 paucorum
471 3735 702 3802 approbationem,
721 3735 809 3786 oratio
832 3735 969 3802 popularis
991 3751 1135 3791 assensum
