2436 4164
509 303 640 345 usurus.
926 251 936 273 ο
1030 289 1067 344 85

85 438 192 492 ratione
206 444 256 492 out
269 439 351 492 laude
364 440 468 508 dignos.
514 441 567 494 Sed
587 443 638 495 hoc
659 443 770 510 quidem
783 442 952 510 ignoratione
966 442 1067 509 superi-

83 518 139 570 oris
165 518 277 582 oetstis3
315 519 382 587 quid
412 519 486 573 enim
514 526 555 574 est
582 522 656 589 quod
680 522 760 574 scribi
786 522 872 589 possit
898 521 933 574 de
961 521 1008 586 eis,
1032 521 1066 572 de

85 597 187 664 quibus
200 597 277 649 nulla
297 603 477 651 monumenta
496 599 648 667 loquuntur
661 617 712 652 nec
725 600 840 652 aliorum
854 616 905 651 nec
923 599 1045 667 ipsorum
1057 600 1067 652 i

83 675 128 727 De
142 675 181 728 eis
194 679 296 742 sutem,
313 694 382 744 quos
394 677 447 744 ipsi
461 677 587 744 vidimus,
604 679 741 731 neminem
754 679 811 730 fere
830 678 1066 746 praetermittimus

83 771 189 820 eorum,
205 771 273 822 quos
293 755 440 822 aliquando
461 756 582 810 dicentes
602 755 765 810 audirimus
811 758 875 810 182.
900 756 973 809 Volo
992 756 1066 808 enim

84 832 158 897 sciri,
173 833 203 884 in
222 837 303 886 tants
322 838 351 886 et
370 840 429 886 tam
448 839 540 888 vetere
558 835 711 903 republica
728 835 853 888 maximis
873 835 991 902 prtemiis
1011 835 1065 886 elo-

82 911 206 979 quentiae
225 912 377 980 propositis,
401 929 496 964 omnes
514 914 619 981 cupisse
639 914 736 980 dicere,
759 931 815 966 non
836 913 967 981 plurimos
986 929 1066 965 ausos

82 1007 149 1056 esse,
165 990 287 1058 potuisse
300 1008 406 1058 paucos
450 991 509 1059 Ego
523 997 616 1045 tamen
636 993 676 1045 its
689 993 724 1045 de
737 1009 903 1060 unoquoque
918 992 1016 1058 dicam,
1031 997 1065 1043 ut

82 1069 203 1136 intelligi
226 1069 318 1136 possit,
345 1086 428 1137 quem
450 1071 603 1123 existimem
627 1072 809 1137 clamatorem,
831 1087 913 1138 quem
931 1075 1065 1124 oratorem

81 1147 175 1200 fuisse.
220 1147 322 1200 Iisdem
343 1148 399 1200 fere
422 1149 590 1216 temporibus
613 1155 695 1202 estate
718 1150 858 1202 inferiores
879 1150 962 1216 paulo
981 1166 1065 1216 quam

81 1225 187 1292 Julius,
205 1227 253 1278 sed
267 1227 385 1294 aequcles
397 1229 593 1296 propemodum
601 1230 714 1280 fuerunt
728 1228 756 1281 (l.
771 1227 862 1293 Cotta,
873 1227 904 1280 P.
917 1227 1062 1295 Sulpicius,

82 1303 115 1366 Q.
140 1304 250 1371 Varius,
273 1305 321 1358 On.
339 1306 516 1373 Pomponius,
540 1307 568 1360 O.
587 1307 678 1373 Ourio,
705 1307 734 1360 L
755 1305 860 1372 Fufius,
883 1306 922 1359 M.
947 1306 1062 1372 Drusus,

82 1383 115 1435 P.
147 1384 306 1447 Antistius3
334 1401 385 1436 nec
411 1385 468 1436 ulls
494 1390 576 1438 aetate
603 1386 712 1438 uberior
738 1388 877 1437 oratorum
903 1385 977 1436 fetus
998 1385 1060 1437 fuit.

83 1464 150 1515 183,
174 1461 218 1514 ltx
231 1461 275 1515 bis
288 1462 370 1516 Ootts
382 1467 411 1515 et
425 1463 561 1530 Sulpicius
581 1481 644 1516 cum
657 1480 718 1516 mco
735 1463 841 1531 judicio
860 1467 921 1516 tum
941 1463 1064 1515 omnium

81 1539 163 1592 facile
176 1541 276 1608 primos
289 1542 422 1594 tulerunt.

123 1619 178 1670 Hic
191 1619 310 1686 Atticus,
326 1619 387 1683 Quo
400 1620 482 1673 modo
494 1621 565 1673 istuc
578 1621 655 1688 dicis,
670 1621 768 1688 inquit,
794 1637 856 1672 oum
879 1624 929 1672 tuo
947 1620 1061 1688 judicio,

81 1703 145 1749 tum
157 1698 300 1750 omniuml
340 1698 485 1766 Semperne
498 1699 528 1750 in
538 1704 644 1752 oratore
657 1699 797 1766 probando
815 1703 864 1750 eut
885 1699 1063 1766 improbando

81 1775 160 1843 vulgi
169 1776 306 1844 judicium
318 1793 381 1830 cum
391 1777 605 1844 intelligentium
616 1778 722 1846 judicio
729 1777 874 1845 congruit?
893 1795 929 1830 an
942 1777 991 1830 ulii
1003 1795 1063 1845 prc-

80 1855 185 1907 bsntur
197 1872 215 1907 a
227 1855 416 1922 multitudine,
432 1856 478 1908 clii
491 1861 584 1930 sptem
594 1857 629 1909 ab
643 1857 682 1909 eis
696 1858 744 1925 qui
757 1856 938 1923 intelligtmtl
978 1857 1063 1908 Recte

80 1933 208 2000 requiris,
223 1934 345 2001 inquom,
361 1935 472 1998 Attice;
493 1935 542 1987 sed
554 1935 648 1988 audies
662 1952 696 1988 ex
713 1953 757 2004 me
774 1936 888 1988 fortasse
912 1935 986 2002 quod
1007 1952 1063 1987 non

81 2029 178 2064 omnes
190 2013 313 2080 probent.
360 2015 423 2066 184.
448 2015 493 2065 An
508 2018 549 2080 tu,
566 2014 668 2082 inquit,
694 2014 724 2066 id
736 2013 850 2080 labores,
868 2013 891 2065 si
904 2014 968 2066 huic
981 2014 1063 2066 modo

84 2091 173 2142 Bruto
186 2091 349 2158 probaturus
370 2091 418 2144 esl
457 2091 552 2159 Plane,
575 2093 698 2160 inquam,
722 2093 821 2157 Attice,
849 2091 1063 2159 disputationem

81 2169 155 2220 hanc
168 2170 202 2222 de
216 2174 322 2222 oratore
335 2170 475 2237 probando
488 2176 538 2223 aut
551 2171 730 2238 improbando
744 2171 833 2223 multo
846 2170 940 2222 malim
961 2169 1013 2222 tibi
1034 2174 1064 2222 et

82 2248 173 2300 Bruto
186 2249 290 2315 plscere
303 2268 310 2312 ;
333 2249 518 2316 eloquentium
531 2254 624 2302 autem
634 2267 723 2301 meam
733 2249 835 2316 populo
848 2248 956 2315 probari
969 2248 1059 2302 velim.

82 2326 121 2378 m
134 2326 208 2378 enim
221 2343 329 2378 necesse
342 2331 392 2393 est,
408 2328 457 2394 qui
480 2327 520 2379 ito
536 2327 610 2380 dicat
626 2332 660 2380 ut
682 2345 699 2379 a
721 2327 899 2379 multitudine
922 2327 1061 2395 probetur,

82 2405 202 2457 eundem
215 2403 304 2457 doctis
316 2406 432 2473 probari.
475 2405 549 2458 Nom
563 2406 629 2473 quid
643 2407 672 2457 in
692 2406 808 2458 dicendo
828 2410 934 2458 rectum
957 2406 994 2457 sit
1015 2410 1063 2458 out

82 2501 199 2550 pravum
213 2500 263 2551 ego
273 2483 411 2551 judicabo,
427 2484 545 2536 simodo
558 2485 582 2536 is
595 2501 665 2550 sum,
681 2485 729 2551 qui
742 2484 772 2536 id
789 2484 890 2551 possim
910 2489 959 2536 sut
981 2485 1063 2536 sciam

78 2562 205 2629 judicare
217 2583 223 2625 ;
244 2562 333 2629 qualis
345 2580 409 2615 vero
423 2563 460 2614 sit
473 2567 564 2615 orstor
576 2580 611 2614 ex
624 2580 664 2628 eo,
678 2563 753 2630 quod
761 2562 823 2630 quis
832 2563 947 2615 dicendo
955 2563 1060 2629 efficiet,

82 2641 186 2707 poterit
199 2641 321 2708 intelligi
368 2643 432 2694 185.
458 2641 599 2694 'Prissunt
613 2642 693 2706 enim,
710 2646 743 2693 ut
759 2641 871 2708 quidem
891 2658 940 2708 ego
963 2641 1059 2706 sentio,

83 2736 146 2786 quae
178 2720 235 2772 sint
267 2719 407 2772 efficienda
439 2720 573 2772 dicendo:
614 2724 646 2772 ut
677 2720 806 2772 doceatur
825 2719 858 2785 is,
884 2719 958 2786 apud
981 2735 1064 2785 quem

82 2797 198 2864 dicetum
227 2802 261 2850 ut
287 2798 447 2864 delectetur,
472 2803 505 2850 ut
531 2803 675 2850 moveatur
707 2797 902 2850 vehementius.
957 2796 1063 2861 Quibus

82 2876 234 2928 virtutibus
247 2877 361 2929 oratoris
379 2877 477 2930 horum
501 2877 622 2944 quidque
635 2876 773 2941 efficietur,
796 2879 844 2928 aut
868 2875 967 2943 quibus
988 2875 1064 2928 vitiis

82 2959 175 3007 orator
184 2959 233 3008 aut
243 2971 299 3007 non
306 2959 467 3022 assequetur
479 2955 546 3021 baec,
562 2959 612 3007 aut
625 2955 708 3006 etiam
721 2954 751 3006 in
765 2954 807 3006 his
815 2954 924 3007 labatur
934 2958 962 3006 et
970 2954 1059 3020 cedat,

82 3033 183 3086 artifex
196 3033 296 3101 aliquis
306 3033 449 3100 judicabit.
494 3031 635 3085 Efficiatur
647 3037 740 3085 autem
753 3033 788 3085 sb
801 3037 907 3085 oratore
920 3049 1012 3098 necno,
1029 3037 1062 3084 ut

80 3111 108 3178 ii,
127 3111 176 3178 qui
189 3111 313 3177 audiant,
329 3113 369 3164 ita
382 3113 544 3177 efficiantur,
559 3117 592 3164 ut
605 3117 697 3164 orator
709 3111 785 3178 velit,
802 3112 879 3180 vulgi
899 3128 1010 3164 assensu
1034 3115 1062 3162 et

79 3190 206 3257 populari
219 3190 413 3257 approbatione
423 3189 542 3258 judicari
555 3191 630 3242 solet.
675 3190 773 3256 lisque
786 3206 929 3257 nunquam
942 3189 976 3240 de
989 3189 1061 3240 bono

79 3276 188 3320 oratore
209 3273 259 3320 sut
281 3286 337 3320 non
360 3269 433 3321 bono
450 3269 538 3320 doctis
556 3268 712 3320 hominibus
735 3285 798 3320 cum
818 3267 919 3335 populo
931 3267 1062 3318 dissensio

120 3426 150 3478 L.
177 3427 242 3478 186.
267 3427 313 3477 An
326 3443 426 3492 censes,
444 3426 511 3478 dum
524 3425 565 3478 illi
578 3426 733 3492 viguerunt,
751 3441 820 3491 quos
837 3427 901 3474 ante
919 3422 986 3488 dixi,
1003 3440 1060 3475 non

80 3504 191 3556 eosdem
201 3505 302 3572 gratim
316 3509 456 3558 oratorum
470 3504 546 3571 vulgi
556 3504 662 3571 judicio
675 3507 704 3555 et
717 3503 859 3554 doctorum
873 3500 979 3552 fuisset
1017 3501 1061 3553 De
1116 3552 1119 3556 ,
1209 3549 1212 3565 ,

79 3583 181 3651 populo
194 3585 219 3636 si
232 3599 314 3650 quem
327 3582 368 3636 its
380 3583 529 3650 rogavisses
543 3601 549 3635 :
574 3583 644 3650 ‘quis
660 3585 696 3633 cst
709 3582 741 3632 ic
753 3580 803 3632 bac
816 3580 920 3631 civitate
943 3579 1060 3646 clcprccw

80 3663 198 3713 tissirrucs
210 3662 239 3715 ,θ’
258 3663 288 3714 in
299 3661 421 3714 Antonio
434 3665 463 3713 et
477 3661 572 3713 Crasso
585 3665 634 3712 aut
647 3659 795 3724 dubitaret,
811 3662 860 3710 out
882 3657 957 3709 hunc
979 3657 1056 3724 alius,

80 3739 158 3792 illum
172 3740 243 3792 alius
256 3740 364 3794 diceret.
411 3739 536 3791 Nemone
549 3739 716 3805 Philippum,
727 3742 784 3790 tam
795 3753 906 3789 suavem
914 3739 1058 3804 oratorem,
