2436 4164
515 299 647 340 neurus.
1032 279 1070 337 89

90 445 120 492 et
134 439 254 508 Sulpicio
267 439 327 491 haec
347 439 435 491 omnis
456 439 538 490 fluxit
561 438 657 503 oratio,
673 455 736 490 cum
757 437 806 490 hos
827 437 944 490 maxime
964 436 1069 506 judicic

90 519 200 572 illorum
213 519 356 570 hominnm
369 522 398 570 et
410 519 484 570 illius
497 517 588 570 aetatis
600 517 730 569 dixissem
749 516 885 584 probatos,
902 521 1021 568 revertar
1034 515 1069 568 ad

90 615 137 650 eos
163 597 257 664 ipscs;
297 601 358 648 tum
384 597 510 664 reliquos,
540 601 574 648 nt
606 596 724 662 institui,
761 595 887 662 deinceps
913 611 1064 662 persequer.

90 676 227 740 Quoniam
248 693 312 742 ergo
332 680 470 728 oratorum
490 675 713 727 bonorum—hos
732 674 805 726 enim
828 673 1069 741 quaerimus—duo

89 773 190 822 genera
210 759 284 821 sunt,
301 771 395 820 unum,
416 758 559 806 attenuate
574 761 734 820 'presseque,
749 753 867 805 alterum
890 752 996 804 sublate
1014 769 1068 804 am·

89 834 189 902 pleqne
208 833 379 896 dicentium
400 833 451 884 etsi
464 833 493 884 id
507 832 604 884 melius
617 837 666 898 est,
684 832 758 899 quod
772 831 940 899 splendidius
953 835 982 882 et
996 847 1068 897 mag-

90 912 255 979 nificentius,
284 917 377 964 tamen
404 911 434 963 in
460 911 539 963 bonis
572 911 663 963 omnia
697 928 759 978 quse
785 928 891 962 summa
917 913 983 962 sunt
1005 909 1069 976 jure

89 991 246 1044 laudantur.
305 992 369 1043 202.
403 989 457 1043 Sed
470 990 591 1043 cavenda
603 993 645 1042 est
658 1007 748 1057 presso
761 989 802 1042 illi
815 989 916 1042 oratori
936 988 1028 1056 inopia
1041 993 1069 1040 et

9 1085 10 1090 ¹
86 1069 230 1136 jejunitas,
246 1070 337 1136 amplo
357 1073 455 1122 autum
476 1069 603 1122 inflatum
617 1072 645 1120 et
659 1073 817 1136 corruptum
830 1067 960 1121 orationis
973 1084 1065 1134 genus

89 1149 253 1200 Inveniebat
265 1145 351 1216 igitur
363 1152 442 1200 acute
456 1147 544 1214 Cotta,
561 1147 668 1199 dioebat
681 1165 748 1215 pure
762 1164 793 1199 ac
806 1147 894 1199 solute
908 1167 915 1211 ;
946 1150 974 1199 et
987 1151 1020 1198 ut
1033 1145 1068 1198 ad

89 1226 277 1280 infirmitatem
284 1227 401 1280 laterum
411 1227 575 1294 perscienter
586 1227 789 1278 contentionem
798 1243 908 1278 omnem
918 1225 1067 1292 remiserat,

90 1305 128 1358 sic
154 1306 191 1358 ad
217 1305 317 1358 virium
343 1305 558 1358 imbecillitatem
591 1305 700 1357 dicendi
725 1304 946 1357 accommodabat
971 1321 1062 1371 genus.

90 1384 171 1436 Nihil
184 1389 243 1436 erat
256 1384 286 1436 in
299 1384 359 1452 ejus
372 1384 494 1436 oratione
507 1383 561 1436 nisi
573 1384 717 1449 sincerum,
727 1383 797 1435 nihil
810 1383 863 1435 nisi
871 1382 971 1434 siccum
985 1387 1068 1449 atque

89 1479 206 1527 sanum;
226 1460 351 1530 illudque
373 1463 533 1529 maximnm,
559 1462 640 1530 qnod,
661 1479 722 1514 cum
743 1462 917 1514 contentione
938 1461 1068 1512 orationis

88 1542 197 1594 flectere
223 1542 328 1594 animos
350 1541 477 1608 judicum
502 1541 550 1593 vix
573 1545 673 1609 posset,
698 1557 748 1592 nee
771 1539 882 1592 omnino
909 1555 941 1591 eo
971 1556 1068 1606 genere

88 1621 199 1684 diceret,
229 1620 374 1673 tractimdo
399 1625 493 1672 tamen
516 1619 683 1688 depellebat,
706 1623 739 1671 ut
761 1619 835 1671 idem
855 1619 975 1671 facerent
1002 1635 1018 1670 a
1040 1635 1068 1669 se

88 1699 227 1764 commoti,
243 1699 318 1766 quod
331 1715 348 1750 e
362 1698 481 1766 Sulpicio
493 1698 631 1752 concitati
676 1700 741 1752 203.
766 1697 832 1750 Fuit
845 1699 919 1750 enim
933 1697 1068 1765 Sulpicius

88 1778 134 1830 vel
146 1778 264 1830 maxime
278 1777 409 1844 omnium,
425 1793 494 1845 quos
507 1778 618 1846 quidem
631 1795 680 1844 ego
693 1777 852 1843 audiverim,
864 1776 972 1844 grandis
985 1781 1023 1842 et,
1036 1780 1068 1827 ut

87 1857 129 1908 ita
149 1857 248 1923 dicam,
262 1857 381 1924 tragicus
401 1861 499 1910 oretor.
543 1856 607 1908 Vox
629 1873 691 1908 eum
713 1873 821 1923 magna,
844 1860 905 1908 tum
928 1855 1019 1908 suavis
1040 1859 1068 1906 et

88 1935 251 2002 splendida3
278 1940 371 2002 gestus
384 1939 413 1987 et
425 1939 517 1988 motus
537 1935 656 2003 corporis
669 1935 709 1987 ita
721 1939 863 1998 venustus,
878 1937 911 1986 ut
924 1937 1016 1986 tamen
1032 1933 1068 1985 ad

9 2023 10 2032 ¹
87 2015 190 2080 forum,
204 2031 261 2066 non
274 2013 310 2066 ad
322 2031 430 2066 scenam
443 2013 587 2066 institutus
598 2014 735 2066 videretur
742 2031 750 2078 ;
769 2013 883 2064 incitata
892 2016 921 2064 et
930 2011 1064 2078 volubilis,

87 2110 141 2145 nee
163 2109 196 2145 ea
217 2092 375 2146 redundans
394 2096 497 2160 tamen,
522 2109 572 2145 nec
593 2092 781 2144 circumfluens
804 2091 898 2143 oratio.
942 2089 1068 2142 Crassum

87 2171 134 2224 hic
147 2171 257 2224 volebat
276 2171 387 2238 imitari,
403 2170 484 2224 Ootta
506 2171 625 2223 malebat
638 2169 811 2234 Antonium3
831 2168 878 2221 sed
900 2169 935 2220 ab
958 2168 1009 2221 hoe
1028 2168 1072 2242 vis

87 2250 184 2302 aberat
195 2249 320 2316 Antonii,
336 2250 424 2302 Crassi
447 2250 482 2302 ab
499 2249 547 2302 illo
560 2249 641 2318 lepos.
687 2250 752 2302 204.
776 2248 950 2316 Omagnam,
965 2247 1065 2314 inquit,

87 2331 195 2382 artem!
226 2328 348 2382 Brutus:
369 2329 393 2380 si
404 2328 517 2396 quidem
529 2329 599 2395 istis,
614 2345 678 2382 cum
700 2327 800 2380 summi
823 2330 913 2380 essent
936 2332 1066 2393 oratores,

86 2407 152 2460 duae
165 2423 209 2458 res
221 2407 348 2460 maximae
361 2407 447 2459 altera
460 2407 539 2460 alteri
552 2407 648 2460 defuit
824 2441 827 2445 -

129 2484 204 2540 LVI.
248 2487 349 2554 Atque,
372 2486 494 2553 inquam,
518 2485 548 2538 in
569 2486 612 2538 his
634 2485 788 2540 oratoribus
809 2485 878 2538 illud
899 2485 1068 2538 animadver-

87 2563 204 2616 tendum
222 2569 271 2630 est,
298 2582 376 2632 posse
397 2581 455 2618 esse
478 2582 598 2618 summos
621 2565 669 2632 qui
692 2565 764 2617 inter
787 2583 816 2618 se
837 2565 893 2617 sint
915 2564 1064 2617 dissimiles

88 2643 170 2695 Nihil
194 2643 269 2696 enim
295 2648 354 2696 tam
374 2643 504 2696 dissimile
527 2661 610 2712 quam
631 2645 713 2696 Cotta
740 2642 868 2711 Sulpicio,
897 2647 926 2694 et
952 2647 1068 2710 uterque

87 2722 240 2789 aequalibus
253 2722 308 2774 suis
321 2722 470 2790 plurimum
482 2723 618 2790 praestitit.
662 2722 752 2786 Quare
765 2721 817 2774 hoo
836 2720 955 2774 doctoris
967 2721 1068 2774 intelli-

87 2800 179 2866 gentis
199 2805 241 2852 est
255 2801 356 2867 videre,
372 2818 428 2868 quo
451 2801 521 2853 feret
544 2805 642 2854 natura
665 2817 715 2853 sue
738 2816 881 2868 quemque,
897 2803 926 2851 et
947 2816 979 2852 ea
999 2800 1068 2852 duce

88 2883 216 2931 utentem
236 2879 275 2932 sic
292 2879 444 2946 instituere,
461 2885 493 2932 ut
516 2880 664 2932 Isocratem
677 2879 706 2931 in
720 2878 848 2932 acerrimo
861 2877 971 2945 ingenio
984 2878 1069 2930 Theo·

88 2957 183 3026 pompi
195 2961 224 3009 et
236 2957 373 3010 lenissimo
386 2958 489 3026 Ephori
501 2958 601 3010 dixisse
614 2959 747 3010 traditum
760 2961 809 3023 est,
821 2957 901 3010 alteri
913 2974 942 3009 se
956 2957 1070 3010 calcaria

90 3035 229 3103 adhibere,
245 3037 323 3088 elteri
337 3037 434 3090 frenos.
493 3039 558 3090 205.
582 3037 694 3104 Sulpicii
707 3031 843 3089 orationes
856 3053 918 3104 quse
932 3036 1067 3102 feruntur,

88 3131 135 3168 ees
148 3120 210 3182 post
231 3119 347 3168 mortem
367 3115 428 3182 ejus
448 3116 582 3184 scripsisse
606 3116 637 3168 P.
664 3115 796 3168 Canutius
818 3119 942 3182 putatur,
957 3114 1070 3181 aequalis

86 3211 176 3260 meus,
191 3193 273 3246 homo
286 3199 366 3246 extra
378 3198 503 3246 nostrum
515 3194 639 3247 ordinem
661 3211 722 3247 meo
740 3194 845 3262 judicio
866 3192 1065 3246 disertissimus.

89 3272 181 3340 Ipsius
195 3272 308 3340 Sulpicii
320 3272 396 3324 nulla
409 3273 497 3325 oratio
510 3278 570 3337 est;
591 3291 716 3342 saepeque
734 3290 768 3325 ex
791 3289 824 3325 eo
846 3271 949 3336 audivi,
965 3287 1026 3322 eum
1041 3287 1069 3322 se

88 3351 205 3404 scribere
218 3368 307 3418 neque
320 3367 463 3404 consuesse
476 3369 565 3420 neque
578 3369 655 3420 posse
669 3353 778 3405 diceret.
808 3350 897 3402 Gottae
910 3365 959 3416 pro
969 3365 998 3400 se
1011 3349 1070 3416 lego

89 3429 176 3481 Varia
199 3445 260 3496 quae
283 3429 449 3496 inscribitur,
472 3447 533 3482 eam
558 3430 587 3484 L
606 3431 697 3482 AElius
720 3429 826 3498 scripsit
848 3427 938 3480 Cottae
961 3431 1037 3494 rogat

88 3508 157 3561 Fuit
180 3507 204 3560 is
225 3509 337 3561 omnino
359 3509 401 3560 vir
425 3509 556 3576 egregius,
580 3514 608 3560 et
624 3526 707 3576 eques
728 3509 868 3560 Romanus
891 3523 954 3559 cum
976 3505 1016 3574 pr·‘

88 3587 229 3653 honestus,
246 3587 373 3655 idemque
393 3588 593 3639 eruditissimus
610 3592 638 3638 et
663 3586 765 3638 Graecis
781 3585 881 3638 litteris
903 3590 932 3637 et
953 3583 985 3636 Is

88 3665 318 3733 antiquitatisque
331 3668 432 3716 nostrae
445 3671 474 3717 et
494 3667 523 3717 in
537 3665 656 3718 inventis
669 3665 759 3731 rebus,
774 3669 802 3717 et
815 3665 845 3716 in
866 3665 941 3731 actis,
959 3681 973 3716 s

85 3761 206 3812 rumque
233 3749 357 3796 veterum
384 3743 505 3796 litterate
532 3745 641 3812 peritus.
700 3743 788 3806 Quam
815 3743 954 3796 scientiam
