2436 4164
157 265 194 320 12
469 277 504 319 rr.
522 278 631 320 runnu
651 277 818 322 cromerus

156 417 264 469 nullum
276 415 381 468 melum
393 415 499 468 facium
519 433 585 482 esse,
601 415 637 468 ad
650 416 724 484 quod
748 415 951 484 suscipiendum
970 433 1027 468 non
1048 417 1140 469 libido

155 495 306 562 voluptatis
327 494 498 562 impelleret;
520 499 615 562 stupra
634 512 699 547 vero
722 499 751 547 et
773 495 908 548 adulteria
929 500 957 547 et
977 512 1059 547 omne
1078 497 1139 548 tale

155 574 289 642 flagitium
302 573 385 626 nullis
398 572 458 625 aliis
471 572 604 625 illecebris
623 573 746 640 excitari,
762 573 815 625 nisi
828 573 985 641 voluptatis.
1030 573 1138 636 Quum-
1194 583 1198 686 1

156 669 210 720 que
222 652 328 704 homini
341 651 397 704 sive
417 654 516 704 natura
528 651 586 703 sive
594 651 661 719 ,quis
674 652 750 704 Deus
762 651 832 704 nihil
845 657 938 704 mente
950 653 1138 719 praestabilius
1197 693 1198 710 ,

155 727 285 797 dedisset,
299 730 363 782 huic
376 729 472 782 divino
485 730 593 782 muneri
611 747 643 782 ec
656 730 729 782 dono
748 731 818 782 nihil
831 734 889 782 tam
902 747 960 782 esse
979 731 1135 796 inimicum,
1196 713 1198 816 i

155 827 236 877 quam
263 809 441 876 voluptatem.
486 810 532 862 41.
555 808 616 861 Neo
639 808 713 861 enim
738 805 852 862 libidine
878 808 1037 861 dominante
1063 813 1136 861 tem-

154 888 285 955 perantiae
297 888 388 940 locum
400 904 467 953 esse,
478 904 568 955 neque
581 887 692 940 omnino
705 887 735 939 in
744 887 894 955 voluptatis
906 905 990 954 regno
1000 889 1136 940 virtutem
1197 869 1198 960 l

153 983 230 1034 posse
257 966 409 1018 consistere.
462 964 542 1028 Quod
568 982 623 1033 quo
649 966 735 1034 magis
760 965 877 1033 intelligi
901 970 1002 1033 posset,
1030 965 1136 1034 fingere
1198 981 1199 988 ¹

153 1045 246 1097 animo
264 1044 388 1111 jubebat,
412 1047 492 1096 tanta
513 1044 659 1096 incitatum
684 1044 804 1113 aliquem
832 1044 974 1111 voluptate
1002 1046 1133 1112 corporis,
1197 1017 1199 1112 i

153 1128 257 1191 quanta
270 1123 371 1191 percipi
383 1126 475 1190 posset
487 1123 612 1176 maxima
656 1121 771 1175 Nemini
790 1122 918 1175 censebat
930 1123 988 1174 fore
1003 1123 1133 1190 dubium,

153 1202 222 1269 quin
243 1201 359 1268 tamdiu,
383 1201 450 1253 dum
476 1200 517 1253 ita
542 1201 681 1268 gauderet,
707 1201 777 1253 nihil
798 1201 901 1268 agitare
927 1205 1032 1267 mente,
1061 1202 1135 1255 nihil

152 1280 267 1346 ratione,
283 1280 352 1332 nihil
372 1279 536 1347 cogitatione
555 1279 685 1347 consequi
697 1282 795 1347 posset.
840 1278 970 1342 Quocirca
983 1279 1053 1332 nihil
1073 1298 1134 1332 esse
1193 1279 1199 1383 ι

152 1362 210 1410 tam
224 1358 384 1411 detestabile
404 1363 516 1426 tamque
537 1358 705 1426 pestifemm‚
722 1375 804 1424 quam
823 1358 1012 1425 voluptatem:
1033 1357 1133 1425 siqui·
1199 1353 1200 1418 ξ

151 1437 215 1490 dem
242 1454 283 1502 ca,
312 1453 399 1505 quum
420 1437 508 1505 major
530 1440 601 1489 esset
621 1441 705 1504 atquc
728 1435 910 1503 longinquior,
939 1453 1019 1488 omne
1046 1438 1134 1490 animi
1193 1422 1197 1527 i

152 1515 246 1568 lumen
259 1516 451 1584 exstingueret
496 1515 565 1567 Haec
583 1532 647 1567 cum
660 1515 688 1568 O.
706 1514 807 1566 Pontio
821 1514 950 1580 Samnite,
967 1520 1045 1582 patre
1058 1517 1129 1585 ejus,
1199 1527 1200 1536 ¹

151 1611 168 1646 a
188 1612 243 1663 quo
262 1595 386 1652 Oaudinc
405 1593 499 1661 praelio
519 1593 563 1662 sp.
587 1593 753 1659 Postumius,
776 1592 804 1645 Τ.
823 1592 964 1658 Veturius,
987 1593 1129 1662 Consules,

152 1673 272 1741 superati
285 1677 358 1739 sunt,
375 1673 498 1725 locutum
514 1672 669 1740 Archytam,
686 1670 829 1723 Nearchus
843 1671 1016 1738 Tarentinus,
1031 1673 1131 1742 hospes

150 1755 253 1817 noster,
282 1751 330 1818 qui
362 1750 392 1802 in
418 1750 538 1803 amicitia
570 1751 664 1818 populi
690 1749 810 1802 Romani
835 1743 1028 1817 permanserat,
1057 1768 1086 1804 se
1113 1771 1131 1805 a
1194 1723 1201 1856 ι

150 1830 301 1898 majoribus
321 1833 391 1881 natu
413 1828 546 1896 accepisse
569 1829 684 1893 dicebat,
712 1845 798 1896 quum
821 1827 934 1894 quidem
960 1829 986 1881 ei
1012 1834 1131 1884 sermoni

150 1908 319 1960 interfuisset
343 1907 424 1960 Plato
447 1906 645 1970 Atheniensis3
678 1923 761 1974 quem
788 1906 937 1958 Tarentum
960 1908 1066 1960 venisse
1093 1910 1124 1962 L.

151 1986 273 2053 Camillo,
302 1985 392 2054 Appio
419 1984 534 2038 claudio
567 1985 738 2051 Consulibus,
765 1985 876 2052 reperio.
904 1987 974 2064 ¹42.
1007 1985 1130 2050 Quorsus

150 2065 229 2118 haecl
278 2063 319 2117 Ut
344 2063 513 2132 intelligatis,
549 2064 572 2116 si
598 2064 769 2132 voluptatem
801 2064 940 2131 aspernari
965 2065 1071 2118 ratione
1099 2074 1128 2121 et

150 2143 284 2212 sapientia
302 2159 359 2196 non
372 2160 519 2211 possemus,
535 2160 664 2211 magnam
683 2141 836 2196 habendam
850 2143 986 2194 senectuti
998 2145 1125 2212 gratiam,

150 2239 212 2288 quaa
225 2223 349 2289 efficeret,
367 2226 400 2275 ut
413 2222 442 2274 id
462 2239 519 2274 non
531 2222 638 2288 liberet,
653 2222 727 2289 quod
740 2237 796 2274 non
816 2223 962 2287 oporteret.
1006 2222 1129 2290 Impedit
1201 2231 1202 2242 ¹

150 2300 224 2352 enim
243 2301 386 2353 consilium
406 2301 551 2368 voluptas;
570 2300 672 2353 rationi
691 2299 801 2352 inimica
821 2302 882 2361 est;
901 2299 1011 2366 mentis,
1033 2307 1067 2354 ut
1086 2303 1128 2357 ita
1201 2287 1202 2368 J

150 2379 249 2445 dicam,
263 2378 431 2446 praestringit
451 2379 563 2442 oculos;
582 2395 633 2430 nec
652 2378 735 2431 habet
755 2377 842 2430 ullum
862 2393 925 2429 cum
938 2379 1042 2431 virtute
1055 2398 1127 2434 oom-

149 2457 288 2510 mercium.
331 2457 441 2509 Invitus
454 2456 514 2522 feci,
530 2460 564 2508 ut
576 2456 717 2508 fortissimi
736 2455 789 2507 viri
801 2454 830 2507 Τ.
848 2453 996 2508 Flaminini
1013 2458 1127 2514 fratrem

148 2535 179 2589 L
204 2535 391 2588 Flamininum
410 2552 426 2586 e
446 2534 550 2587 Senatu
573 2534 706 2601 ejicerem,
728 2539 832 2602 septem
851 2534 931 2586 annis
950 2539 1021 2602 poet,
1043 2555 1127 2606 quam

149 2613 251 2667 Consul
273 2613 390 2677 fuisset3
420 2613 469 2665 sed
489 2612 638 2665 notandam
661 2613 758 2680 putavi
777 2610 925 2665 libidinem.
969 2613 1022 2666 Ille
1052 2618 1127 2671 enim

148 2709 235 2759 quum
248 2696 319 2744 esset
333 2691 489 2756 Consul,‘in
503 2690 592 2743 Gallia
605 2695 733 2744 exoratus
751 2690 781 2743 in
795 2689 920 2742 convivio
933 2708 950 2742 a
969 2696 1058 2748 scorto
1072 2703 1124 2762 est,

148 2775 181 2822 ut
195 2771 282 2823 securi
294 2770 388 2822 feriret
408 2769 527 2836 aliquem
540 2785 643 2836 eorum,
666 2769 714 2838 qui
726 2770 757 2822 in
770 2768 886 2822 vinculis
899 2774 989 2822 essent
1002 2771 1126 2828 damnati
1201 2811 1202 2832 ,

148 2849 188 2900 rei
211 2848 341 2916 capitalis.
385 2847 450 2913 Hic,
479 2847 551 2914 lito,
574 2847 658 2900 fratre
684 2865 743 2916 suo,
767 2848 892 2912 censore,
916 2847 965 2915 qui
984 2851 1126 2915 proximus

147 2930 212 2979 ante
231 2943 276 2978 me
295 2927 395 2991 fuerat,
417 2926 524 2993 elapsus
546 2930 609 2990 est;
628 2927 697 2980 mihi
716 2944 780 2980 vero
800 2930 828 2979 et
847 2924 944 2978 Flacco
964 2930 1126 2997 neutiquam

148 3005 258 3072 probari
276 3003 368 3072 potuit
380 3007 440 3056 tam
459 3003 592 3072 flagitiosa
611 3009 640 3057 et
659 3009 718 3058 tam
738 3006 845 3074 perdita
867 3003 961 3070 libido,
979 3021 1041 3072 quae
1062 3026 1125 3063 cum

148 3083 247 3150 probro
259 3082 366 3150 privato
379 3082 557 3150 conjungeret
569 3083 676 3151 imperii
688 3084 811 3138 dedecus.

188 3161 272 3214 XIII.
297 3163 342 3214 43.
367 3160 444 3228 Seepe
456 3161 550 3214 audivi
563 3179 580 3214 a
589 3162 736 3230 majoribus
749 3167 826 3226 natu,
839 3164 887 3232 qui
897 3182 925 3218 se
938 3182 1018 3233 porro
1027 3183 1125 3233 pueros

148 3257 166 3292 a
178 3239 288 3292 senibus
306 3239 414 3292 audisse
426 3239 564 3307 dicebant,
580 3240 673 3292 mirari
693 3241 804 3293 solitum
817 3241 845 3296 0.
857 3243 1022 3311 Fabricium,
1038 3245 1122 3312 quod,

148 3334 235 3386 quum
248 3317 322 3385 apud
337 3334 428 3386 regem
440 3318 579 3386 Pyrrhum
598 3319 705 3386 legatus
724 3324 803 3386 esset,
818 3321 940 3375 audisset
959 3339 976 3375 a
996 3323 1124 3376 Thessalo

148 3396 241 3462 (linea,
266 3413 324 3448 esse
345 3397 483 3464 quendam
501 3397 626 3464 Athenis,
648 3397 698 3465 qui
720 3414 748 3450 se
771 3399 920 3466 sapientem
937 3401 1120 3470 profiteretur,

147 3490 265 3543 eumque
291 3473 389 3541 dicere,
418 3475 517 3541 omnia,
543 3492 604 3543 quae
625 3475 782 3542 faceremus,
807 3478 843 3530 ad
869 3478 1039 3546 voluptatem
1065 3497 1123 3533 esse

147 3554 296 3608 referenda
340 3553 420 3616 Quod
442 3571 528 3605 exeo
550 3553 701 3620 audientes,
717 3553 769 3607 M.'
791 3555 901 3608 (iuriam
921 3561 950 3608 et
963 3557 1002 3610 Ti.
1020 3557 1124 3611 (icrun-

147 3633 257 3685 canium
270 3635 364 3699 optare
378 3631 478 3696 solitos,
495 3635 528 3683 ut
546 3631 575 3682 id
589 3631 756 3684 Samnitibus
775 3633 880 3702 ipsique
894 3635 1001 3702 Pyrrho
1014 3653 1122 3704 persua·

172 3715 268 3778 aretur,
296 3727 351 3778 quo
378 3709 483 3762 facilius
510 3709 583 3762 vinci
615 3715 735 3778 possent,
764 3728 850 3779 quum
878 3729 906 3764 se
933 3714 1123 3782 voluptatibus
