2456 4162
144 268 202 325 114
459 281 495 323 n.
515 281 625 324 runnu
646 280 813 322 cronnorrs

143 420 188 474 hic
209 424 300 474 orator
322 419 352 474 in
373 419 428 474 illis
447 419 585 474 numerari
607 424 681 473 recte
702 421 800 489 potest.
845 423 910 476 316.
935 421 1133 475 Αεεὶᾶιιὶεεὶωο

143 504 237 553 autem
260 517 367 554 mecum
389 499 445 553 fuit
465 499 614 566 Dionysius
636 499 770 568 Magnes;
791 504 849 553 erat
873 503 957 554 etiam
977 501 1133 570 AEschylus

144 578 267 646 Cnidius,
283 579 502 648 Adramyttenus
521 578 664 632 Xenocles.
708 578 749 631 Hi
768 584 830 632 tum
850 580 880 632 in
900 580 966 633 Asia
985 581 1133 633 rhetorum

143 658 277 726 principes
290 659 512 712 numerabantur.
557 657 664 721 Quibus
676 675 732 711 non
746 663 894 712 contentus
908 658 1039 712 Rhodum
1053 661 1129 726 veni,
1185 683 1190 690 ·

143 755 242 806 meque
262 739 298 791 ad
318 737 444 804 eundem,
469 753 552 806 quem
575 737 672 789 Romae
691 737 858 805 audiveram,
881 737 1023 792 Molonem
1042 739 1131 806 appli-

144 817 212 884 cari,
229 834 292 870 cum
311 820 431 870 actorem
450 816 480 868 in
501 813 572 868 veris
592 816 687 882 causis,
705 816 918 885 scriptoremque
938 821 1129 885 praestantem,

143 900 205 948 tum
237 897 267 948 in
300 896 430 948 notandis
459 895 762 962 animadvertendisque
785 895 869 963 vitiis,
901 899 930 948 et
956 897 1132 948 instituendo

143 975 320 1042 docendoque
343 975 592 1042 prudentissimum.
638 974 666 1026 Is
689 974 766 1026 dedit
793 991 910 1042 operam,
940 975 963 1028 si
989 975 1073 1028 modo
1101 977 1132 1028 id

143 1054 273 1122 consequi
293 1054 392 1122 potuit,
416 1058 450 1106 ut
476 1053 558 1106 nimis
584 1052 770 1105 redundantes
796 1071 854 1120 nos,
879 1058 907 1106 et
931 1055 1132 1122 superfluentes

140 1133 258 1200 juvenili
271 1133 391 1200 quadam
410 1133 519 1186 dicendi
539 1131 705 1200 impunitate
725 1137 753 1184 et
772 1132 892 1200 licentia,
915 1133 1084 1202 reprimeret,
1102 1139 1132 1186 et

144 1212 222 1280 quasi
235 1215 314 1265 extra
326 1212 399 1280 ripas
422 1212 577 1265 diffluentes
597 1214 737 1266 coerceret.
782 1212 828 1265 lta
844 1213 934 1281 recepi
953 1230 998 1266 me
1017 1213 1131 1265 biennio

145 1295 214 1360 post,
243 1308 299 1344 non
325 1292 407 1344 modo
436 1291 617 1358 exercitatior,
646 1291 693 1344 sed
719 1308 803 1360 prope
823 1295 953 1346 mutatus
998 1292 1074 1344 Nam
1102 1297 1132 1344 et

144 1371 284 1424 contentio
310 1371 396 1424 nimia
418 1370 492 1424 vocis
518 1370 664 1436 resederat,
689 1375 718 1422 et
745 1371 823 1439 quasi
849 1371 1002 1424 deferverat
1029 1372 1128 1437 oratio,

142 1450 328 1520 lateribusque
342 1450 421 1518 vires,
438 1454 466 1503 et
480 1450 585 1518 corpori
598 1449 741 1503 mediocris
754 1450 865 1503 habitus
876 1455 1035 1504 accesserat.

183 1529 274 1584 XOII.
320 1528 385 1588 317.
409 1530 472 1582 Duo
485 1535 547 1583 tum
557 1529 728 1584 excellebant
740 1533 870 1597 oratores,
883 1531 931 1598 qui
944 1547 987 1582 me
1000 1529 1131 1582 imitandi

143 1609 295 1678 cupiditate
331 1610 488 1676 incitarent,
518 1609 599 1662 Cotta
635 1613 663 1661 et
690 1607 855 1662 Hortensius
867 1629 874 1674 ;
908 1625 1027 1677 quorum
1059 1609 1131 1660 alter

142 1689 279 1755 remissus,
302 1692 330 1742 et
353 1689 430 1756 leuis,
454 1693 483 1742 et
503 1688 618 1756 propriis
631 1688 720 1740 verbis
734 1689 965 1756 comprehendens
985 1687 1075 1740 solute
1096 1693 1126 1740 et

142 1767 221 1820 facile
241 1767 415 1834 sententiam,
436 1767 507 1820 alter
526 1771 647 1833 ornatus,
669 1783 737 1829 acer,
751 1770 779 1818 et
800 1784 856 1819 non
876 1767 949 1834 talis,
965 1767 1076 1834 qualem
1096 1772 1130 1819 tu

144 1864 216 1914 eum,
239 1847 334 1913 Brute,
354 1846 414 1914 jam
437 1845 657 1898 deflorescentem
680 1845 839 1914 cognovisti,
865 1846 913 1898 scd
933 1846 1080 1899 verborum
1100 1852 1130 1898 et

143 1925 258 1979 actionis
271 1942 369 1992 genere
389 1925 555 1979 commotior.
600 1924 698 1992 Itaque
713 1942 775 1978 cum
795 1925 946 1978 Hortensio
958 1925 1027 1978 mihi
1039 1926 1129 1993 magis

144 2004 295 2058 arbitrabar
321 2023 379 2058 rem
401 2022 466 2071 esse,
495 2003 540 2057 cui
562 2007 591 2056 et
614 2003 723 2056 dicendi
750 2004 846 2056 ardore
864 2022 938 2058 eram
957 2003 1076 2072 propior,
1100 2009 1130 2056 et

144 2087 226 2136 aetate
240 2085 419 2152 conjunctior.
463 2083 500 2136 Et
520 2083 593 2136 enim
606 2083 728 2136 videram
748 2083 777 2135 in
791 2083 894 2136 eisdem
913 2084 1009 2150 causis,
1026 2088 1058 2136 ut
1078 2101 1130 2152 pro

144 2162 184 2217 M.
203 2163 340 2230 Canuleio,
358 2181 407 2232 pro
428 2163 475 2216 On.
493 2163 636 2216 Dolabella
656 2162 799 2229 consulari,
815 2179 879 2214 cum
899 2161 981 2215 Ootta
1000 2163 1127 2230 princeps

144 2243 285 2295 adhibitus
298 2247 376 2309 esset,
392 2243 495 2310 priores
506 2246 600 2295 tamen
613 2259 691 2310 agere
704 2245 794 2309 partes
807 2239 994 2295 Hortensium
1029 2243 1130 2294 Acrem

145 2322 219 2374 enim
238 2326 380 2386 oratorem,
397 2321 547 2388 incensum,
570 2325 598 2373 et
618 2325 750 2388 agentem,
772 2324 801 2374 et
821 2337 959 2386 canorum,
982 2337 1130 2373 concursus

145 2400 288 2452 hominum
314 2400 422 2468 forique
448 2400 578 2467 strepitus
611 2399 753 2453 desiderat.
813 2401 879 2454 318.
914 2399 1009 2452 Unum
1042 2399 1129 2466 igitur

146 2495 259 2545 annum,
281 2496 344 2531 cum
363 2478 536 2531 rediissemus
549 2495 584 2530 ex
603 2479 677 2546 Asia,
695 2495 789 2532 causas
808 2479 914 2532 nobiles
934 2480 1047 2546 egimus,
1065 2495 1129 2530 cum

147 2562 315 2626 quaesturam
335 2573 394 2624 nos,
410 2557 582 2610 consulatum
595 2556 686 2624 (totta,
702 2557 862 2610 aedilitatem
881 2561 987 2626 peteret
1007 2557 1129 2610 Horten·

148 2638 211 2690 sius.
255 2636 371 2690 Interim
390 2653 434 2688 me
455 2639 618 2704 quaestorem
632 2635 777 2690 Siciliensis
791 2637 897 2704 excepit
917 2653 1027 2700 annus;
1048 2635 1131 2689 Ootta

148 2733 183 2768 ex
196 2716 339 2768 consulatu
353 2719 395 2768 est
408 2715 546 2783 profectus
558 2715 589 2768 in
600 2715 732 2780 Galliam
752 2715 877 2784 princeps
891 2719 918 2768 et
929 2719 997 2782 erat,
1010 2719 1039 2768 et
1048 2715 1130 2768 habe-

148 2796 236 2860 batur,
267 2795 441 2848 Hortensius.
485 2793 555 2847 Oum
588 2798 681 2847 autem
713 2811 787 2846 anno
819 2798 881 2862 post
908 2812 943 2846 ex
969 2794 1061 2847 Sicilia
1086 2811 1131 2846 me

148 2873 316 2942 recepissem,
339 2874 399 2941 jam
421 2873 567 2926 videbatur
586 2873 656 2926 illud
679 2872 708 2924 in
732 2890 785 2939 mc,
812 2873 947 2942 quidquid
969 2876 1047 2939 esset,
1072 2890 1131 2926 esse

149 2952 300 3021 perfectum
313 2955 342 3005 et
354 2952 454 3005 habere
463 2952 651 3004 maturitatem
661 2951 799 3019 quandam
813 2969 897 3006 suam.
942 2950 1033 3004 Nimis
1043 2951 1133 3004 multa

149 3031 243 3084 videor
264 3031 298 3084 da
311 3048 365 3098 me,
380 3031 438 3099 ipss
458 3029 627 3098 presertim
647 3030 695 3083 sed
718 3031 794 3084 omni
812 3030 877 3083 huic
896 3030 1015 3084 sermoni
1034 3046 1133 3098 propo-

150 3111 234 3164 situm
254 3113 304 3176 est,
326 3127 383 3162 non
400 3113 433 3162 ut
453 3108 593 3176 ingenium
613 3112 641 3160 et
662 3109 847 3177 eloquentiam
866 3127 955 3163 meam
976 3108 1131 3178 perspicias,

150 3189 225 3242 unda
238 3188 319 3256 longe
332 3187 438 3254 absum,
453 3187 501 3240 sed
521 3192 553 3240 ut
572 3187 694 3240 laborem
707 3193 736 3241 et
756 3188 926 3242 industriam
972 3190 1037 3242 319.
1062 3187 1133 3240 (tum

150 3269 235 3337 igitur
248 3284 334 3320 essem
353 3267 383 3319 in
396 3266 520 3334 plurimis
540 3266 627 3320 causis
640 3271 669 3320 et
688 3268 718 3320 in
731 3267 898 3336 principibus
911 3267 1034 3335 patronis
1053 3267 1134 3334 quin·

151 3347 303 3416 quennium
325 3347 381 3398 fere
402 3349 535 3411 versatus,
556 3349 618 3398 tum
639 3347 667 3398 in
688 3346 839 3414 patrocinio
862 3345 996 3399 Siciliensi
1014 3346 1134 3398 maxime

151 3428 180 3479 in
201 3431 338 3480 certamen
364 3425 428 3477 veni
454 3425 612 3492 designatus
638 3425 726 3478 aedilis
760 3442 823 3478 cum
854 3425 996 3493 designato
1022 3425 1133 3479 consule

151 3506 308 3560 Hortensio.
1223 3559 1224 3570 γ

191 3584 297 3638 ΧΟΠΙ.
323 3583 377 3637 Sed
391 3582 521 3651 quoniam
535 3583 623 3636 omnis
636 3582 681 3636 hic
694 3601 781 3636 sermo
795 3587 952 3636 nosternon
965 3583 1054 3636 solum
1068 3601 1135 3636 enu-
1223 3571 1224 3634 l

163 3663 328 3716 serationem
343 3667 491 3728 oratorum,
506 3679 602 3714 rerum
615 3662 698 3714 etiam
706 3667 841 3731 praecepta
851 3663 978 3730 quaedam
986 3662 1133 3730 desiderat,

183 3740 220 3793 rid
232 3744 365 3808 tanquam
378 3741 531 3794 notandum
545 3744 573 3792 et
586 3739 860 3794 animadvertendum
873 3741 908 3794 sit
930 3741 959 3794 in
973 3739 1132 3808 Hortensio,
