2436 4164
175 249 213 304 52
489 261 525 301 u.
545 259 654 302 runnu
674 261 845 318 ,crcraosrs

175 403 209 454 de
229 399 377 454 clarissimo
399 403 427 451 et
445 400 601 454 beatissimo
617 401 675 454 viro
696 401 854 468 cogitemus,
871 401 952 454 illum
965 402 1058 470 potius
1077 421 1158 471 quam

175 485 281 533 nosmet
294 479 367 548 ipsos
380 479 492 547 diligere
502 480 651 536 videamur,
687 482 712 533 5.
735 480 809 533 Nam
823 481 847 532 si
860 481 889 534 id
900 481 1024 534 dolemus
1038 483 1112 549 quod
1126 501 1158 536 eo

174 561 230 629 jam
243 559 299 612 frui
321 559 400 611 nobis
421 558 563 624 nonlicet,
579 563 703 611 nostrum
717 559 1031 628 estidmalum-quod
1053 562 1158 614 modice

174 641 303 705 feramus,
319 655 354 690 ne
368 637 397 689 id
411 655 467 688 non
480 637 516 689 ad
530 638 687 703 amicitiam,
704 639 751 690 sed
765 638 801 690 ad
815 639 992 692 domesticam
1005 640 1157 694 utilitatem

173 719 272 771 referre
296 717 457 779 videamur;
487 717 539 782 sin,
571 721 704 786 tanquam
727 717 769 769 illi
786 717 848 785 'ipsi
874 719 1029 772 acerbitatis
1052 719 1158 788 aliquid

172 797 310 863 acciderit,
334 795 468 862 angimur,
490 810 624 848 summam
649 796 711 862 ejus
733 796 894 849 felicitatem
915 815 972 850 non
993 799 1060 852 satis
1080 803 1157 866 grato

173 877 264 930 animo
277 875 495 941 interpretamur.

213 955 252 1008 II.
286 957 310 1008 6.
336 953 372 1005 Et
393 954 466 1005 enim
493 953 516 1006 si
539 953 645 1007 viveret
664 953 699 1017 Q.
726 953 901 1022 Hortensius,
926 961 1015 1009 cetera
1041 957 1157 1010 fortasse

175 1035 340 1087 desideraret
353 1049 409 1084 una
423 1049 485 1084 cum
498 1032 611 1100 reliquis
624 1033 703 1086 bonis
717 1038 745 1086 et
759 1034 876 1086 fortibus
890 1035 1004 1102 civibus,
1019 1035 1093 1089 hunc
1107 1042 1157 1090 aut

171 1118 272 1182 praeter
285 1116 387 1165 ceteros
409 1117 458 1165 aut
478 1129 540 1165 cum
560 1113 654 1179 paucis
675 1113 824 1166 sustineret
837 1113 966 1180 dolorem,
984 1132 1046 1167 cum
1064 1115 1156 1168 forum

171 1192 267 1261 populi
293 1191 419 1257 Romani,
445 1191 519 1258 quod
546 1190 643 1244 fuisset
670 1192 748 1260 quasi
774 1193 914 1245 theatrum
940 1193 1014 1246 illius
1040 1193 1153 1262 ingenii,

171 1289 236 1325 voce
257 1271 367 1324 erudita
388 1275 417 1322 et
437 1270 568 1322 Romanis
587 1270 742 1339 Graecisque
766 1272 878 1324 auribus
901 1273 984 1340 digua
1007 1273 1155 1341 spoliatum

171 1356 256 1420 atque
270 1351 396 1403 orbatum
407 1349 519 1402 videret.
565 1351 589 1406 7.
610 1350 747 1418 Equidem
760 1367 845 1418 angor
857 1350 957 1418 auimo,
968 1369 1025 1404 non
1039 1353 1166 1420 consilii,

170 1448 227 1483 non
250 1430 362 1498 ingenii,
384 1447 440 1482 non
458 1429 630 1482 auctoritatis
649 1429 731 1482 armis
750 1447 828 1498 egere
845 1447 904 1483 rem
924 1432 1071 1498 publicam,
1090 1449 1154 1500 quae

171 1511 319 1563 didiceram
332 1513 458 1574 tractare,
475 1509 630 1576 quibusque
651 1527 694 1560 me
715 1509 919 1576 assuefeceram,
936 1527 1053 1578 quaeque
1073 1517 1153 1565 erant

169 1589 278 1658 propria
297 1605 360 1640 cum
373 1587 529 1655 praestantis
549 1589 578 1640 in
591 1605 620 1640 re
634 1589 744 1655 publica
757 1589 818 1655 viri,
833 1593 895 1641 tum
915 1589 984 1642 bena
997 1593 1111 1644 moratae
1124 1597 1153 1643 et

170 1669 239 1720 beno
260 1667 417 1719 constitutae
439 1667 565 1720 civitatis,
611 1666 714 1730 Quodsi
734 1667 788 1720 fuit
809 1669 838 1720 in
863 1669 1020 1736 republica
1042 1672 1153 1738 tempus

169 1747 265 1813 ullum,
284 1763 346 1798 cnm
367 1749 527 1812 extorquere
542 1761 617 1798 arma
630 1750 721 1813 posset
735 1764 750 1799 e
763 1747 890 1799 manibus
903 1747 1036 1800 iratorum
1050 1747 1153 1802 civium

168 1825 235 1878 boni
256 1825 322 1878 civis
343 1824 491 1876 auctoritas
512 1827 541 1877 et
561 1825 657 1890 oratio,
673 1829 735 1877 tum
754 1827 877 1893 profecto
896 1827 959 1893 fuit,
981 1844 1043 1880 cnm
1061 1833 1153 1896 patro-

169 1905 271 1958 cinium
297 1903 372 1972 pacis
399 1903 540 1956 exclusum
563 1907 605 1955 est
628 1909 677 1956 aut
701 1921 792 1957 errore
814 1905 958 1958 hominum
971 1912 1021 1959 aut
1041 1907 1147 1962 timore.

169 1987 195 2038 8.
227 1985 272 2037 Ita
285 1984 421 2036 nobismet
434 1983 499 2050 ipsis
519 1983 617 2036 accidit
630 1988 671 2050 ut,
688 2001 846 2053 quanquam
859 1990 950 2037 essent
962 1987 1051 2038 multo
1064 1989 1153 2056 magis

167 2065 221 2117 alia
242 2063 370 2131 lugenda,
393 2068 486 2115 tamon
509 2063 560 2116 hoc
583 2063 743 2130 doleremus,
761 2064 845 2132 quod,
861 2081 917 2132 quo
937 2069 1059 2134 tempora
1084 2071 1152 2120 aetas

168 2149 261 2196 nostra
284 2144 427 2211 perfuncta
450 2143 531 2194 rebus
552 2143 725 2211 amplissimis
747 2147 880 2210 tanquam
904 2144 933 2196 in
957 2149 1067 2212 portum
1087 2163 1152 2199 con·

166 2225 260 2291 fugere
282 2223 402 2288 deberet,
426 2237 483 2274 non
506 2223 614 2274 inertiae
633 2240 723 2290 neque
741 2223 862 2288 desidia,
878 2223 928 2276 sed
948 2223 998 2276 otii
1014 2225 1151 2278 moderati

167 2306 252 2369 atquo
264 2302 382 2367 honesti,
398 2317 515 2366 cumque
529 2301 587 2368 ipsa
601 2302 688 2354 oratio
705 2303 764 2370 jam
780 2306 874 2355 nostra
894 2307 1047 2355 canesceret
1066 2303 1151 2358 habe·

166 2387 263 2447 ratque
285 2396 362 2432 suam
377 2379 516 2446 quandam
536 2380 726 2432 maturitatem
746 2385 774 2432 et
795 2382 873 2448 quasi
892 2386 1069 2448 senectutem,
1086 2387 1150 2436 tum

166 2476 241 2512 arma
265 2461 331 2512 suut
351 2475 383 2510 ea
404 2461 523 2524 sumpta,
540 2459 640 2526 quibus
664 2459 705 2511 illi
727 2459 787 2528 ipsi,
803 2461 852 2528 qui
871 2461 1023 2514 didicerant
1045 2462 1084 2514 eis
1105 2464 1150 2515 uti

165 2539 288 2605 gloriose,
305 2536 535 2605 quemadmodum
553 2537 709 2590 salutariter
727 2543 880 2606 uterentur,
896 2557 953 2592 non
965 2541 1146 2608 reperiebant.

167 2619 191 2670 9.
217 2616 316 2684 Itaque
336 2617 357 2668 ii
376 2616 445 2668 mihi
458 2616 588 2668 videntur
608 2617 748 2670 fortunate
768 2619 901 2687 beateque
915 2620 1015 2673 vixisse
1035 2637 1098 2673 cnm
1118 2623 1148 2674 in

165 2695 261 2748 ceteris
284 2695 441 2748 civitatibus
460 2699 521 2748 tum
539 2695 659 2748 maxime
679 2697 708 2749 in
722 2701 825 2764 nostra,
842 2698 941 2766 quibus
955 2717 1017 2752 cum
1031 2703 1148 2754 auotori-

164 2778 223 2826 tate
244 2791 389 2842 rerumque
407 2778 545 2841 gestarum
558 2775 718 2842 gloriatum
731 2765 815 2828 etiam
829 2777 970 2844 sapientiae
983 2779 1064 2832 lauda
1084 2795 1147 2851 per-

164 2853 220 2904 frui
238 2853 324 2906 licuit.
370 2852 493 2915 Quorum
507 2855 636 2906 memoria
650 2859 677 2906 et
691 2855 843 2908 recordatio
856 2855 885 2907 in
899 2857 1026 2910 maximis
1046 2858 1148 2910 nostris

164 2929 383 2998 gravissimisque
407 2931 477 2982 curis
495 2932 620 2998 jucunda
640 2951 704 2986 sane
724 2935 788 3001 fuit,
804 2951 867 2986 cum
886 2935 990 2988 ineam
1011 2953 1101 3004 nuper
1114 2955 1150 2990 ex

164 3025 287 3061 sermone
301 3009 420 3076 quodam
433 3009 627 3064 incidissemus.

204 3087 258 3140 ΙΙΙ.
292 3089 337 3140 10.
362 3087 436 3139 Nam
450 3103 512 3138 cum
531 3088 728 3141 inambularem
749 3089 779 3141 in
793 3093 875 3156 xysto
893 3093 922 3142 et
942 3105 1028 3142 essem
1041 3091 1149 3147 otiosus

163 3167 247 3234 domi,
270 3165 313 3220 M.
337 3166 372 3218 ad
395 3183 439 3217 me
463 3165 576 3233 Brutus,
592 3171 624 3219 ut
646 3172 833 3234 consueverat,
856 3184 918 3220 cum
942 3169 970 3220 Τ.
993 3168 1149 3238 Pomponio

163 3250 284 3310 venerat,
300 3246 422 3298 homines
446 3261 508 3297 oum
534 3246 607 3298 inter
630 3263 658 3298 se
683 3246 823 3314 conjuncti
846 3251 908 3299 tum
934 3247 1003 3299 mihi
1022 3247 1063 3302 ita
1090 3253 1148 3303 cari

163 3328 255 3395 itaque
266 3325 392 3394 jucundi,
403 3329 436 3376 ut
450 3341 544 3377 eorum
556 3330 667 3394 aspectu
681 3326 778 3394 omnis,
794 3343 856 3394 quaa
870 3343 914 3379 me
927 3327 1044 3395 angebat
1061 3328 1095 3381 de
1117 3345 1149 3382 re

163 3406 281 3473 publica,
300 3422 364 3457 cura
382 3403 541 3458 consederit.
586 3404 661 3469 Quos
682 3409 827 3474 postquam
849 3405 976 3472 salutari,
992 3406 1065 3470 Quid
1085 3426 1145 3475 vos,
1212 3407 1213 3436 ³

164 3486 285 3552 iuquam,
301 3484 388 3536 Brute
402 3487 430 3536 et
444 3485 536 3536 Attice
548 3484 557 3538 l
577 3486 713 3554 numquid
726 3485 839 3538 tandem
852 3485 937 3540 novii
977 3485 1056 3539 Nihil
1069 3505 1146 3554 sane,

165 3564 255 3631 'nquit
278 3563 389 3630 Brutus,
408 3563 481 3630 quod
497 3565 608 3632 quidem
628 3569 677 3618 aut
696 3570 730 3618 tu
749 3564 844 3618 audire
863 3565 932 3617 velis
955 3570 1005 3618 aut
1027 3583 1076 3633 ego
1096 3585 1148 3635 pro

188 3646 237 3694 >rto
248 3642 336 3694 dicere
351 3643 473 3696 audeam.
520 3646 565 3698 11.
583 3643 654 3696 'lum
664 3646 784 3712 Atticus,
795 3643 845 3712 Eo,
857 3643 957 3712 inquit,
972 3644 1007 3696 ad
1016 3649 1044 3696 te
1055 3645 1149 3699 animo

188 3721 409 3804 suimusfftpda
420 3739 449 3773 re
466 3723 575 3790 publica
589 3728 659 3776 esset
672 3725 812 3780 silentium
825 3728 854 3777 et
867 3723 972 3792 aliquid
991 3723 1150 3777 audiremus
