2456 4162
564 288 699 331 saurus.
1055 275 1112 335 117

120 426 253 493 perfecte,
281 431 394 496 eratque
416 428 564 481 verborum
584 429 717 482 adstricta
739 429 951 496 comprehensio,
978 446 1113 482 summam

124 504 269 558 hominum
283 507 493 560 admirationem
517 508 663 561 excitabat
708 507 763 560 Sed
786 525 850 560 cnm
863 507 924 575 jam
945 508 1061 560 honores
1084 514 1113 560 et

124 583 172 636 illa
190 585 281 637 senior
304 587 454 639 auctoritas
476 587 588 655 gravius
611 586 743 655 quiddam
769 587 930 655 requireret,
955 586 1113 639 remanebat

124 661 199 716 idem
217 680 268 716 nec
286 663 403 718 decebat
425 665 521 729 idem;
546 665 677 734 quodque
694 665 919 718 exercitationem
935 665 1113 734 studiumque

125 741 277 807 dimiserat,
290 744 364 811 quod
378 745 408 796 in
421 761 454 797 eo
467 745 558 797 iuerat
571 745 744 811 acerrimum,
758 743 927 796 concinnitas
945 743 993 796 illa
1014 745 1112 796 crebri-

125 823 223 888 tasque
247 823 447 876 sententiarum
467 824 584 891 pristina
603 823 742 889 manebat,
765 823 814 875 sed
831 839 864 874 ea
876 823 980 874 vestitu
992 823 1041 874 illo
1054 839 1114 876 ora·

124 900 220 966 tionis,
237 916 293 968 qno
307 907 495 968 consueverat,
511 907 610 967 ornata
621 919 679 954 non
692 906 758 955 erat.
802 901 865 954 Hoc
877 901 929 953 tibi
943 901 998 967 ille,
1014 901 1111 968 Brute,

125 978 220 1031 minus
243 981 358 1032 tortasse
374 981 489 1048 -placuit
513 998 597 1049 quam
622 980 777 1049 placuisset,
803 981 827 1033 si
849 981 930 1032 illum
952 980 1113 1048 flagrantem

125 1057 231 1124 studio,
247 1062 276 1111 et
289 1059 434 1112 florentem
446 1061 589 1126 facultate,
604 1060 700 1112 andire
709 1059 851 1128 potuisses

167 1134 272 1190 xcvi
318 1139 384 1192 328.
409 1139 479 1191 Tum
497 1139 611 1206 Brutus,
636 1139 696 1205 Ego
716 1155 791 1205 vero,
814 1137 914 1206 inquit,
930 1141 960 1190 et
971 1137 1035 1204 ista,
1050 1154 1129 1206 qure-

123 1214 205 1282 dicis,
221 1216 303 1268 video
316 1217 409 1284 qualia
422 1218 478 1270 sint
486 1222 516 1270 et
529 1217 712 1271 Hortensium
719 1233 851 1284 magnum
864 1221 1000 1270 oratorem
1007 1233 1114 1284 semper

123 1294 235 1361 putavi,
258 1297 432 1363 maximeque
453 1297 568 1365 probavi
588 1313 638 1364 pro
660 1295 791 1348 Messalla
816 1295 962 1361 dicenmm,
991 1311 1053 1347 cum
1079 1299 1113 1348 tn

123 1373 249 1427 abfuisti.
294 1373 340 1426 Sic
362 1375 466 1442 ierunt,
489 1375 613 1444 inquam,
635 1374 721 1443 idque
743 1374 863 1427 declarat
888 1373 1016 1439 totidem,
1044 1377 1113 1440 quot

123 1451 208 1518 dixit,
225 1456 260 1505 ut
272 1453 362 1520 aiunt,
378 1454 480 1522 scripta
492 1454 583 1507 verbis
596 1453 693 1506 oratic.
716 1452 790 1520 Ergo
802 1452 850 1504 ille
863 1469 881 1504 a
893 1451 989 1503 Crasso
1002 1451 1113 1503 consule

123 1535 155 1582 et
167 1530 292 1584 Scaevola
298 1549 388 1600 usque
398 1533 434 1585 ad
444 1533 564 1586 Paulum
576 1537 605 1585 et
618 1531 782 1584 Marcellum
795 1530 919 1583 consules
931 1529 1025 1581 floruit
1036 1548 1044 1592 ;
1063 1545 1114 1581 nos

122 1609 155 1661 in
169 1609 268 1662 eodem
278 1627 361 1664 cursu
371 1612 476 1665 fuimns
485 1629 503 1664 a
513 1611 590 1664 Sulla
597 1611 732 1663 dictatore
739 1609 775 1662 ad
785 1608 894 1662 eosdem
904 1609 960 1660 iere
970 1607 1094 1660 consules
1105 1625 1112 1660 ε

123 1688 165 1740 sio
179 1686 211 1752 Q.
229 1689 377 1742 Hortensii
386 1707 443 1743 vox
455 1691 594 1743 exstincta
605 1690 666 1742 fato
678 1705 729 1740 suo
742 1692 793 1753 est,
803 1691 899 1739 nostra
911 1685 1029 1754 publico.

167 1769 235 1822 329.
261 1768 374 1835 Melius,
400 1786 503 1837 quaeso,
521 1769 652 1834 ominare,
672 1767 764 1836 iuquit
777 1767 892 1819 Brutus.
932 1765 976 1818 Sit
996 1781 1061 1816 sane
1080 1768 1113 1816 ut

122 1846 177 1912 vis,
187 1846 313 1914 inquam,
324 1853 353 1900 et
366 1848 395 1900 id
409 1865 466 1901 non
478 1852 537 1900 tam
549 1864 612 1900 mea
623 1863 705 1899 cauea
713 1863 797 1914 quam
806 1849 856 1897 tua
868 1863 875 1908 ;
894 1843 943 1895 sed
955 1844 1115 1894 fortunatus

123 1925 201 1978 illius
215 1923 318 1994 exitus,
334 1927 383 1994 qui
396 1943 429 1979 ea
441 1943 498 1979 non
511 1926 583 1978 vidit
597 1943 660 1978 cum
672 1925 779 1990 fierent,
791 1939 854 1990 quae
867 1921 989 1990 providit
1008 1921 1109 1971 futura.

124 2003 205 2072 Saepe
228 2005 305 2057 enim
324 2005 399 2058 inter
418 2023 469 2057 nos
488 2005 678 2072 impendentes
697 2019 775 2055 cesus
788 2001 957 2063 deflevimus,
973 2014 1036 2049 cum
1049 1997 1115 2048 belli

122 2082 215 2136 civilis
229 2101 325 2136 causes
338 2083 368 2135 in
382 2083 552 2152 privatorum
565 2081 762 2149 cupiditatibus
774 2079 901 2142 inclusas,
917 2076 992 2143 pacis
1009 2091 1085 2140 spem
1098 2091 1116 2126 a

122 2157 238 2230 publico
259 2163 375 2215 consilio
398 2179 456 2214 esse
480 2161 618 2213 exclusam
638 2159 799 2211 videremus
844 2155 897 2208 Sed
910 2154 992 2205 illurn
1005 2151 1117 2203 videtur

122 2240 244 2293 felicitas
263 2241 360 2308 ipsius,
376 2257 432 2307 qua
444 2255 551 2307 semper
563 2243 605 2290 est
618 2253 693 2302 usus,
708 2235 744 2288 ab
763 2235 803 2287 eis
819 2232 934 2285 miseriis
947 2247 1011 2298 quae
1025 2245 1116 2281 conse·

122 2323 197 2371 cutte
212 2325 289 2385 sumt,
301 2325 392 2372 morte
402 2319 560 2370 vindicasse.
599 2317 665 2370 330.
689 2314 750 2366 Nos
762 2318 864 2376 autem,
876 2311 974 2373 Brute,
985 2307 1119 2374 quoniam

121 2403 187 2466 post
212 2397 369 2464 Hortensii,
396 2395 538 2449 clarissimi
563 2393 688 2458 oratoris,
713 2395 830 2444 mortem
853 2389 927 2442 orbae
951 2385 1120 2452 eloquentiae

122 2477 205 2544 quasi
219 2481 329 2529 tutores
340 2476 431 2528 relicti
444 2490 548 2539 sumus,
563 2471 639 2524 domi
651 2476 793 2523 teneamus
806 2485 875 2534 earn,
891 2470 999 2532 septam
1012 2461 1123 2526 libfflli

15 2573 16 2601 ³
122 2555 262 2621 custodia,
279 2559 308 2607 et
329 2554 380 2606 hos
401 2553 510 2620 ignotos
528 2555 613 2618 atque
631 2549 804 2616 impudentes
823 2560 920 2614 procos
932 2540 1123 2608 repudiemus,

16 2615 17 2633 ἵ
122 2642 322 2700 tueamurque,
349 2636 384 2684 ut
410 2631 536 2683 adultam
562 2628 706 2694 virginem,
731 2629 814 2689 caste,
842 2627 872 2674 et
898 2621 936 2672 ab
963 2620 1125 2670 amatorum

122 2713 241 2780 impetu,
255 2714 394 2779 quantum
407 2723 562 2776 possumus,
572 2705 770 2773 prohibeamus
799 2699 949 2767 Equidem,
965 2693 1019 2745 etsi
1028 2691 1127 2778 doleo,

123 2791 212 2842 mein
227 2790 318 2842 vitam
337 2788 422 2856 paulo
442 2786 539 2850 serius,
554 2788 688 2849 tanquam
707 2782 737 2832 in
757 2780 839 2844 mam,
863 2777 1036 2858 ingressum,
1044 2785 1133 2856 prius

125 2886 209 2936 qnam
224 2868 384 2920 confectum
404 2865 459 2916 iter
479 2864 525 2928 sit,
547 2862 578 2913 in
591 2861 661 2912 hanc
674 2859 714 2910 rei
726 2857 843 2925 publicae
856 2856 970 2904 noctem
983 2845 1135 2934 medrisse,

124 2951 219 3000 tamen
242 2964 276 2998 ea
297 2942 485 2997 consolatione
508 2942 656 3002 sustentor,
672 2952 755 3003 quam
775 2939 808 2985 tu
828 2929 906 2992 mihi,
931 2926 1031 3012 Brute,
1046 2921 1141 2973 adhr-

125 3026 211 3078 buisti
238 3025 298 3076 tuis
324 3019 495 3074 srravissimis
517 3015 637 3078 litteris,
663 3013 763 3080 quibus
784 3027 828 3062 me
851 3006 921 3060 forti
948 3015 1042 3087 ammo
1069 3015 1148 3050 esse

127 3114 252 3172 oportere
277 3100 418 3164 censebas,
441 3096 517 3164 quod
540 3091 734 3160 aagessissem,
751 3105 813 3156 quae
835 3085 870 3137 de
892 3098 949 3145 me,
974 3081 1062 3161 etiam
1088 3090 1150 3126 me

127 3188 245 3247 tacente,
266 3181 327 3247 ipsa
339 3179 531 3244 loquerentur,
553 3175 726 3235 mortuoque,
740 3167 888 3223 viverent;
910 3171 987 3224 quac,
1009 3167 1033 3200 ⁸1
1053 3154 1159 3202 recte

128 3266 206 3327 esset,
222 3260 315 3311 salute
336 3256 377 3308 rei
397 3252 524 3320 publicae,
542 3249 583 3300 sin
605 3263 691 3310 secus,
710 3243 825 3296 interitu
849 3239 913 3304 ipso
933 3224 1167 3282 testimonium

129 3355 250 3392 meorum
265 3338 301 3388 de
314 3352 345 3386 re
358 3331 471 3400 publica
484 3325 660 3380 consiliorum
672 3323 776 3374 darent.
1035 3375 1040 3386 .
1131 3378 1141 3390 ·

167 3415 287 3470 XCVII.
335 3413 403 3465 331.
429 3407 485 3460 Sed
508 3405 539 3456 in
562 3408 591 3454 te
614 3401 734 3458 intuens,
757 3397 854 3454 Brute,
879 3385 975 3444 doleo,
997 3391 1092 3441 quus
1128 3394 1181 3432 111

131 3493 343 3550 adolescentiam
370 3504 420 3555 per
446 3483 552 3536 medias
578 3478 674 3530 laudes
696 3473 775 3540 quasi
801 3460 950 3535 quadrigis
971 3453 1185 3522 vehentem,

132 3581 284 3627 transversa
305 3565 426 3621 incurrit
447 3562 548 3614 misera
565 3557 677 3609 fortuna
689 3551 727 3602 rei
741 3546 867 3615 publicae.
917 3532 1034 3585 Hieme
1060 3527 1194 3586 dolor

133 3653 225 3721 tangit,
242 3650 305 3702 heec
326 3661 372 3697 me
397 3657 464 3694 cura
485 3635 626 3695 sollicitat,
645 3633 674 3681 et
693 3627 767 3678 huno
787 3630 911 3676 mecum,
939 3605 1046 3658 socium
1071 3604 1203 3669 ejus.

52 3743 54 3775 ³
134 3733 238 3784 demet
263 3723 368 3780 amoris
390 3723 420 3772 et
440 3712 554 3785 judicii.
594 3707 655 3759 'libi
676 3705 807 3764 favemus,
823 3700 854 3748 te
876 3696 934 3740 tua
955 3679 1013 3763 frui
1031 3678 1214 3741 virtue„
