2436 4164
445 291 524 333 curo
545 292 660 333 uiros.
1021 280 1040 333 3

58 431 142 483 etiam
168 447 218 498 pro
239 429 365 497 Scipione
386 429 523 498 pollicear,
549 430 652 496 feceris,
680 430 712 496 si,
736 431 866 498 quoniam
889 450 1037 501 speramus,

58 510 185 562 volumus
198 509 309 576 quidem
323 512 405 575 certe,
421 525 498 561 senes
511 509 578 576 fieri,
594 509 682 561 multo
696 513 761 561 ante
774 527 791 562 a
804 515 832 561 te
853 511 1036 580 didicerimus,

58 589 158 656 quibus
171 588 300 640 facillime
319 587 472 639 rationibus
490 587 722 654 ingravescentem
736 592 846 641 aetatem
866 590 937 642 ferre
955 593 1039 658 possi-

57 685 126 720 mus.
171 666 253 719 Osro.
278 667 387 719 Faciam
398 683 470 730 vero,
485 665 572 730 Laeli;
592 667 742 734 praesertim
752 667 776 718 si
785 667 896 734 utrique
908 674 1038 736 vestrum,

57 751 90 798 ut
117 745 195 812 dicis,
211 749 320 813 gratum
339 746 466 797 futurum
486 750 534 796 est.
580 745 700 797 Lamus,
739 745 876 798 Volumus
897 764 969 814 sane,
987 749 1040 801 nisi

57 825 206 877 molestum
219 829 270 890 est,
287 823 363 890 (lato,
379 828 511 891 tanquam
524 823 645 892 aliquam
658 825 731 876 viam
751 825 860 892 longam
881 827 1037 893 confeceris,
1123 827 1128 832 “

57 921 142 972 quam
164 904 243 956 nobis
266 919 375 970 quoque
398 903 608 969 ingrediendum
629 904 674 969 sit,
696 903 775 969 istuc,
804 921 859 971 quo
882 907 1040 974 pervenisti,

57 984 159 1049 videre,
176 983 256 1050 quale
270 982 312 1034 sit.

98 1061 152 1115 ΙΙΙ.
199 1061 224 1118 7.
249 1061 331 1113 (turc.
376 1059 495 1126 Faciam,
517 1063 550 1112 ut
567 1064 671 1128 potero,
694 1061 769 1113 Laeli.
815 1061 892 1129 Seepe
911 1064 985 1115 enim
998 1064 1038 1116 in-

55 1141 143 1194 terfui
166 1140 282 1208 querelis
307 1140 454 1207 equalium
478 1155 610 1206 meorum,
626 1139 715 1208 (pares
741 1144 844 1206 autem,
866 1145 958 1194 vetere
978 1159 1039 1209 pro-

55 1221 160 1286 verbio,
176 1219 370 1286 comparibus,
386 1218 514 1270 facillime
528 1216 746 1288 congregantur,)
768 1237 830 1286 quae
844 1219 872 1272 O.
891 1219 1037 1288 Salinator,

55 1316 120 1367 quse
150 1298 194 1366 Sp.
223 1299 348 1363 Albinus,
378 1297 501 1349 homines
522 1297 684 1364 consulares,
713 1298 800 1350 nostri
826 1299 883 1351 fere
909 1300 1037 1366 aequales,

54 1377 198 1444 deplorare
232 1376 375 1439 solebant3
408 1380 469 1427 turn
500 1376 574 1444 quod
601 1376 788 1444 voluptatibus
814 1382 946 1442 carerent,
981 1379 1039 1430 sine

54 1456 159 1523 quibus
184 1456 271 1507 vitam
298 1455 404 1507 nullam
431 1458 579 1522 putarent;
599 1458 660 1506 tum
687 1455 761 1521 quod
788 1461 976 1522 spernerenter
1003 1458 1039 1509 ab

53 1536 99 1600 iis,
116 1552 133 1586 a
153 1533 252 1601 quibus
272 1537 362 1586 essent
384 1533 436 1586 ccli
458 1533 538 1586 soliti
583 1531 637 1596 Qui
658 1533 727 1584 mihi
747 1550 803 1585 non
824 1533 853 1585 id
874 1534 1040 1588 videbantur

53 1630 192 1678 accusare,
208 1613 363 1680 quodesset
376 1612 564 1664 accusandum.
609 1611 683 1663 Nam
703 1612 726 1663 si
747 1612 776 1664 id
797 1612 876 1679 culpa
889 1615 1038 1666 senectutis

53 1692 201 1758 accideret,
217 1691 311 1744 eadem
324 1691 392 1744 mihi
404 1708 457 1743 usu
468 1691 601 1756 venirent,
615 1690 781 1758 reliquisque
791 1691 918 1744 omnibus
931 1693 1038 1760 majori-

53 1773 109 1823 bus
136 1775 226 1834 natu3
257 1787 375 1838 quorum
396 1785 445 1836 ego
467 1769 617 1822 multorum
644 1771 758 1836 cognovi
785 1774 953 1823 senectutem
980 1772 1038 1824 sine

53 1850 169 1918 querela
182 1868 190 1913 ;
211 1849 300 1917 quise
314 1852 342 1901 et
354 1848 501 1900 libidinum
511 1847 630 1902 ,vinculis
643 1848 750 1902 laxatos
770 1865 828 1902 esse
850 1866 907 1902 non
923 1851 1038 1902 moleste

53 1931 169 1993 ferrent,
194 1945 245 1980 nec
266 1945 282 1980 a
309 1927 364 1980 suis
391 1926 599 1994 despicerentur.
653 1925 707 1980 Sed
733 1929 855 1980 omnium
881 1928 1037 1980 istiusmodi

53 2007 231 2075 querelarum
252 2007 282 2058 in
304 2005 426 2058 moribus
449 2009 491 2057 est
517 2005 606 2072 culpa,
630 2022 686 2057 non
707 2006 737 2058 in
763 2011 852 2059 aetate.
897 2006 1036 2059 Moderati

53 2087 131 2138 enim
144 2089 173 2137 et
186 2101 237 2136 nec
250 2085 371 2138 difficiles
384 2101 434 2136 nec
446 2083 590 2136 inhumani
603 2100 681 2136 senes
690 2085 858 2136 tolerabilem
868 2089 1037 2138 senectutem

54 2168 144 2232 agunt
160 2182 167 2228 ;
187 2163 380 2230 importunitas
393 2167 486 2216 autem
500 2166 528 2214 et
545 2162 731 2214 inhumanitas
744 2164 820 2214 omni
833 2163 910 2215 aetati
922 2164 1037 2216 molesta

53 2249 105 2296 est.
148 2244 175 2296 8.
200 2241 321 2295 lintius,
345 2242 403 2307 Est,
417 2246 450 2294 ut
464 2241 540 2306 dicis,
552 2241 627 2294 Cato.
665 2239 718 2292 Sed
729 2240 841 2294 fortasse
852 2241 953 2294 dixerit
962 2243 1035 2309 quis·

52 2323 139 2390 piam,
155 2321 209 2373 tibi
231 2325 342 2387 propter
364 2337 428 2386 opes
449 2323 478 2372 et
499 2319 588 2386 copias
610 2322 639 2371 et
660 2319 823 2386 dignitatem
842 2323 919 2372 tuam
938 2321 1035 2373 tolera-

52 2400 182 2452 biliorem
215 2403 383 2450 senectutem
415 2398 521 2461 videri5
554 2397 583 2449 id
616 2402 709 2450 autem
742 2415 798 2450 non
830 2415 908 2465 posse
941 2399 1036 2452 multis

26 2491 28 2495 ’
51 2479 221 2545 contingere.
279 2476 361 2530 Osrc.
399 2476 450 2528 Est
476 2476 547 2539 istuc
574 2476 692 2544 quidem,
723 2475 799 2542 laeli,
828 2477 954 2544 aliquid3
988 2478 1036 2529 sed

52 2573 231 2626 nequaquam
252 2555 282 2608 in
302 2555 356 2607 istc
378 2555 489 2608 omnia:
518 2559 551 2606 ut
577 2554 770 2606 Themistocles
796 2555 885 2606 fertur
911 2555 1035 2623 Seriphio

53 2636 165 2688 cuidam
181 2635 210 2686 in
221 2630 312 2707 jurgio
324 2633 502 2700 respondisse,
521 2649 606 2700 quum
619 2633 665 2684 ille
687 2632 807 2699 dixisset,
824 2650 880 2685 non
899 2650 961 2685 eum
975 2651 1032 2700 rua,

54 2715 104 2767 sed
126 2713 223 2781 patriae
243 2713 329 2780 gloria
355 2711 526 2779 splendorem
547 2715 716 2764 assecutum:
736 2711 794 2764 Nec
807 2711 917 2778 hercole,
932 2711 1032 2778 inquit,

53 2794 79 2844 se'
100 2809 145 2860 epo
169 2792 308 2859 Seriphius
332 2807 419 2857 asem,
443 2783 572 2864 [nobilis]
599 2806 646 2842 ccc
669 2793 709 2855 tc,
733 2789 757 2841 si
780 2790 950 2842 Atheniensis
973 2807 1032 2856 csse,

53 2872 144 2922 clarus
162 2887 284 2936 acquam
297 2870 403 2935 scisses.
448 2867 528 2932 Quod
549 2867 644 2920 eodem
664 2867 746 2920 modo
766 2867 801 2920 de
821 2871 961 2920 senectute
981 2868 1035 2920 dici

52 2952 155 3016 potest.
200 2947 230 3000 N
230 2965 261 3000 ec
273 2947 347 3000 enim
360 2947 390 2998 in
403 2963 510 3000 summa
522 2946 613 3013 inopia
633 2945 700 2998 levis
718 2963 776 2998 esse
795 2950 920 2999 senectus
932 2949 1032 3014 potest,

53 3045 89 3080 ne
102 3027 224 3094 sapienti
236 3025 369 3094 quidem:
389 3042 440 3078 nec
452 3025 591 3091 insipienti
604 3024 687 3076 etiam
706 3023 736 3076 in
756 3041 863 3078 summa
882 3025 959 3092 copia
978 3042 1035 3078 non

54 3107 152 3173 gravis.
199 3107 224 3157 9.
247 3103 398 3172 Aptissima
411 3103 522 3156 omnino
535 3106 610 3169 sunt,
622 3101 712 3170 Scipio
725 3107 754 3154 et
767 3102 844 3169 Laeli,
856 3119 931 3155 arma
943 3119 1034 3156 senec-

54 3185 126 3237 tutis
149 3186 223 3236 artes
248 3182 509 3248 exercitationesque
536 3181 681 3247 virtutum,
706 3198 778 3248 quae,
803 3181 833 3234 in
856 3180 931 3234 omni
951 3185 1035 3234 aetate

55 3262 148 3328 cultae,
161 3277 248 3328 quum
267 3261 317 3314 diu
337 3261 511 3326 multumque
523 3258 633 3324 vixeris,
648 3259 774 3312 mirificos
788 3260 904 3312 efferunt
917 3259 1031 3326 fructus,

56 3357 112 3394 non
134 3341 225 3394 solum
249 3340 314 3407 quia
334 3353 477 3407 nunquam
503 3337 643 3404 deserunt,
666 3354 701 3390 ne
724 3337 753 3389 in
777 3341 899 3389 extremo
923 3336 1034 3402 quidem

56 3424 179 3487 tempore
200 3418 300 3484 aetatis,
316 3417 485 3487 (quanquam
505 3416 533 3469 id
554 3415 666 3483 quidem
685 3415 835 3467 maximum
856 3413 921 3482 est)
939 3431 1035 3467 verum

56 3499 148 3563 etism,
175 3497 240 3564 quia
267 3495 432 3549 conscientia
453 3494 523 3548 bene
549 3498 617 3546 actae
644 3494 709 3545 vitae
736 3481 939 3558 multorumque
965 3491 1035 3546 bene

56 3576 191 3628 factorum
204 3574 355 3628 recordatio
372 3573 572 3642 jucundissime
585 3577 633 3625 est.

94 3653 145 3708 IV.
170 3644 241 3706 ¹10.
266 3653 324 3720 Ego
345 3651 377 3716 Q.
408 3651 571 3718 Maximum,
594 3667 666 3716 eum,
689 3649 737 3716 qui
756 3647 903 3700 Tarentum
924 3647 1032 3716 recepit,

57 3749 147 3786 senem
160 3732 316 3785 adolescens
335 3732 375 3784 ita
394 3730 486 3796 dilexi,
513 3733 546 3782 ut
570 3729 710 3795 aqualem.
753 3726 820 3780 Erat
844 3726 917 3849 euirp
939 3727 969 3779 in
989 3727 1037 3780 illc

862 3813 879 3848 s
