2436 4164
510 253 641 295 saurus.
1034 239 1072 296 61

124 392 188 445 XV.
224 391 313 455 Quem
322 409 385 445 vero
394 397 483 444 exstet
491 383 666 461 eloquentem
676 393 759 446 fuisse
773 394 855 446 etita
870 411 926 447 essa
934 395 1067 463 habitum,

84 473 188 542 primus
201 476 244 524 est
257 471 296 524 M.
316 471 457 525 Cornelius
471 471 616 539 Cethegus,
633 474 712 540 cujus
725 474 888 540 eloquentiae
902 478 943 526 cst
963 481 1068 542 auctor,

82 556 111 604 et
125 552 240 604 idoneus
254 551 365 618 quidem
378 569 440 604 mea
453 552 599 618 sententia,
622 551 653 615 Q.
682 552 789 604 Ennius
804 573 811 616 ;
834 553 987 620 praesertim
1008 571 1070 607 cum

81 635 111 684 et
134 631 192 698 ipse
220 647 284 682 eum
307 630 444 683 audiverit
465 635 494 683 et
520 632 619 684 scribat
646 631 681 683 de
705 637 837 696 mortuo;
861 649 896 684 ex
918 649 973 700 quo
993 634 1070 686 nulla

80 711 198 778 suspicio
212 714 254 762 est
267 710 395 762 amicitiae
409 727 490 762 causa
503 727 561 762 esse
574 711 730 763 mentitum.
775 711 826 763 Est
839 712 924 779 igitur
937 712 976 764 sic
996 713 1068 780 apud

79 791 160 843 illum
173 789 203 842 in
216 806 290 842 nono
303 794 336 841 ut
349 789 446 857 opinor
459 790 569 842 annali:

306 889 417 936 Addam
427 896 508 936 orator
520 889 640 938 Cornelia’
653 890 829 951 suauiloquenti

307 952 352 1000 Ore
365 951 479 1013 Cettegus
489 953 521 999 Μ
520 955 586 1001 orca’
601 953 724 1001 Tuditano
735 953 839 1014 conlega,

305 1015 494 1076 Mcrcifilias—

77 1124 106 1172 et
135 1123 269 1172 oratorem
297 1116 418 1184 appellat
445 1120 473 1169 et
497 1116 746 1185 suaviloquentiam
775 1117 883 1184 tribuit,
910 1135 972 1186 quae
992 1135 1067 1172 nunc

77 1199 192 1266 quidem
211 1213 268 1249 non
287 1201 346 1248 tam
364 1200 406 1248 est
427 1197 457 1248 in
478 1195 613 1264 plerisque
642 1196 756 1264 (latrant
780 1197 852 1249 enim
873 1197 932 1265 jam
954 1198 1066 1266 quidam

76 1281 209 1343 oratores,
235 1293 291 1328 non
315 1275 489 1344 loquuntur),
519 1275 566 1328 sed
594 1279 636 1327 est
664 1293 696 1327 ea
722 1276 782 1328 laus
808 1276 973 1344 eloquentiae
993 1281 1066 1329 certe

75 1357 237 1410 maxima-

414 1430 436 1478 a'a
447 1429 532 1478 dictast
543 1428 597 1477 ollis
604 1429 767 1490 popadara'baa
778 1429 840 1488 olim,

240 1494 287 1552 aaa
299 1501 348 1541 tam
358 1494 469 1541 vivebant
480 1493 586 1542 domines
597 1502 667 1554 atquc
679 1509 754 1541 ccam
765 1494 896 1554 agitabant,

239 1559 294 1606 Flos
306 1558 423 1606 delibatas
430 1557 553 1618 popidi—

73 1667 160 1735 probe
184 1682 271 1728 vero;
295 1667 340 1718 59.
364 1669 398 1718 ut
419 1664 492 1716 enim
505 1664 623 1717 hominis
637 1665 719 1717 decus
732 1664 882 1732 ingenium,
900 1665 938 1718 sic
961 1665 1065 1734 ingenii

73 1747 162 1814 ipsius
170 1745 264 1797 lumen
275 1747 318 1796 est
331 1744 495 1812 eloquentia,
510 1761 565 1812 qua
575 1744 666 1796 virum
676 1744 855 1797 excellentem
865 1746 993 1812 praeclare
1001 1752 1063 1799 tum

72 1825 116 1877 illi
131 1824 255 1877 homines
269 1824 363 1876 florem
376 1823 471 1891 populi
484 1841 543 1876 esse
556 1823 727 1876 dixerunt·-

442 1940 575 2002 mariaque
586 1941 700 1988 medulla.

74 2061 160 2113 Πειθὼ
187 2075 270 2126 quam
297 2062 396 2110 vocant
424 2057 522 2125 Graeci,
553 2058 631 2126 eujus
660 2059 771 2110 effector
802 2062 844 2110 est
868 2063 968 2127 orator,
990 2061 1061 2113 hanc

73 2139 195 2192 Suadam
218 2137 366 2205 appellavit
388 2137 504 2205 Ennius,
531 2141 572 2204 ut,
599 2154 682 2205 quam
703 2137 784 2189 deam
807 2137 837 2189 in
859 2137 959 2191 Pericli
978 2139 1061 2192 labris

73 2217 182 2285 scripsit
195 2217 308 2284 Eupolis
322 2217 496 2284 sessitavisse,
512 2216 596 2284 hujus
609 2217 653 2268 hic
667 2216 816 2268 medullam
830 2221 955 2269 nostrum
972 2223 1060 2271 orato·

72 2311 132 2349 rem
158 2297 242 2348 fuisse
269 2295 376 2348 dixerit.
436 2298 481 2350 60.
506 2298 545 2348 At
573 2295 618 2348 hic
649 2295 784 2363 Cethegus
814 2296 910 2348 consul
938 2315 1001 2350 cum
1024 2297 1055 2352 P.

73 2375 212 2428 Tuditano
225 2375 281 2427 fuit
290 2374 363 2427 bello
378 2375 483 2428 Punico
497 2375 624 2441 secundo,
646 2379 820 2442 quaestorque
840 2375 883 2428 his
903 2377 1059 2430 consulibus

73 2456 113 2508 M.
133 2454 211 2520 Cato,
226 2455 308 2506 modo
321 2454 401 2521 plane
415 2454 494 2506 annis
508 2469 562 2507 cxa
575 2459 640 2506 ante
653 2471 697 2506 me
710 2453 849 2506 consulem
863 2474 870 2518 3
885 2459 913 2507 et
927 2455 956 2508 id
969 2456 1059 2524 ipsum

72 2535 127 2586 nisi
140 2534 222 2586 unius
236 2537 306 2584 esset
324 2533 408 2587 Ennii
428 2533 585 2586 testimonio
606 2533 755 2601 cognitum,
777 2533 851 2585 hunc
871 2538 1003 2601 vetustas,
1026 2540 1059 2588 ut

72 2614 142 2666 alios
155 2613 270 2665 fortasse
284 2613 393 2678 multos,
411 2613 548 2665 oblivione
569 2613 710 2664 obmisset
755 2611 834 2664 Illius
855 2616 947 2664 autem
968 2615 1057 2666 aetatis

73 2693 122 2759 qui
149 2708 236 2744 sermo
263 2691 347 2744 fuerit
373 2709 408 2744 ax
435 2691 576 2744 Naevianis
597 2692 705 2758 scriptis
725 2690 842 2758 intelligi
862 2695 960 2758 potest.
1005 2692 1058 2745 His

73 2772 148 2822 enim
168 2771 335 2837 oonsulibus,
359 2775 392 2822 ut
413 2771 443 2822 in
467 2771 604 2823 veteribus
628 2769 829 2822 commentariis
853 2769 983 2837 scriptum
1004 2777 1053 2838 est,

73 2849 190 2902 Naevius
205 2854 246 2901 est
259 2854 405 2914 mortuus;
427 2867 584 2918 quanquam
598 2849 687 2901 Varro
705 2853 807 2915 noster,
830 2847 1057 2916 diligentissimus

72 2929 252 2996 investigator
265 2929 448 2996 antiquitatis,
464 2933 545 2996 putat
557 2929 587 2980 in
601 2929 653 2980 hoc
664 2933 791 2994 erratum,
811 2927 951 2996 vitamque
965 2929 1057 2983 Naevii

72 3008 201 3076 producit
214 3008 329 3074 longius.
374 3008 448 3060 Nam
457 3007 584 3074 Plautus,
601 3007 631 3060 P.
651 3007 773 3074 Claudio,
790 3006 819 3060 L.
835 3005 941 3075 Porcio,
958 3009 1057 3076 viginti

73 3087 153 3139 annis
166 3091 228 3155 post
248 3087 309 3138 illos
330 3104 398 3155 quos
418 3091 482 3140 ante
497 3087 555 3139 dixi
575 3087 707 3152 consules,
733 3091 858 3138 mortuus
878 3091 929 3154 est,
953 3087 1056 3141 Catone

72 3183 190 3220 censore.

113 3248 158 3300 61.
185 3245 269 3297 Hunc
282 3246 366 3312 igitur
386 3245 537 3312 Cethegum
559 3250 720 3298 consecutus
741 3249 783 3296 est
803 3248 886 3297 aetate
907 3245 984 3312 Cato,
1007 3245 1056 3314 qui

72 3327 152 3378 annis
175 3339 207 3376 1x
230 3329 292 3391 post
324 3341 387 3377 eum
409 3325 464 3377 fuit
487 3325 588 3378 consul.
657 3325 729 3376 Eum
752 3340 802 3375 nos
826 3327 859 3375 ut
885 3328 1055 3390 perveterem

72 3404 213 3470 habemus,
229 3404 278 3470 qui
292 3403 321 3457 L.
340 3403 445 3456 Marcio
463 3403 514 3456 Μ’.
542 3403 658 3456 Manilio
680 3401 835 3456 consulibus
856 3407 981 3455 mortuus
1001 3407 1051 3470 est,

72 3484 152 3536 annis
174 3497 284 3534 axxxvr
308 3483 374 3550 ipsis
395 3489 460 3537 ante
481 3500 524 3534 me
545 3482 704 3546 eonsulem;
729 3479 809 3533 XVI.
824 3497 874 3532 nec
888 3497 952 3533 vero
966 3481 1036 3534 habe

73 3579 230 3630 quenquam
241 3562 433 3630 antiquiorem,
444 3561 522 3629 cujus
536 3562 647 3629 quidem
661 3560 761 3627 scripta
771 3559 934 3627 proferenda
947 3565 1011 3628 pute

72 3641 126 3694 nisi
139 3657 222 3708 quem
237 3641 318 3708 Appii
333 3641 405 3694 Caeci
418 3641 505 3695 oratio
524 3642 583 3694 haec
602 3641 662 3708 ipsa
682 3640 716 3692 da
738 3638 845 3707 Pyrrho
866 3643 895 3690 et
913 3656 996 3693 nonna

72 3725 244 3774 mortuorum
257 3719 428 3774 laudationes
441 3722 511 3774 forte
525 3721 670 3774 delectant.
