2436 4164
164 285 203 340 10
478 299 512 340 11.
531 299 640 340 runnu
661 299 828 342 oronuonrs
1200 309 1201 388 p

164 437 298 504 Olympiae
311 453 359 504 per
372 437 491 490 stadium
503 438 639 506 ingressus
653 455 710 489 esse
723 437 793 490 Milo
803 437 912 504 dicitur,
925 455 1011 506 quum
1022 437 1145 490 humeris
1199 439 1201 532 l

163 515 421 568 stistineretbovem
433 516 535 569 vivum
573 515 674 568 Utrum
687 516 833 584 igiturhas
846 517 973 584 corporis,
988 533 1024 569 an
1038 515 1144 584 Pytha-
1199 551 1201 556 ·

162 611 235 662 gorne
248 593 300 646 tibi
314 594 392 647 malis
405 595 477 646 vires
495 595 598 662 ingenii
617 595 696 647 daril
735 594 861 662 Denique
883 595 937 647 isto
958 595 1030 647 bono
1052 600 1142 662 utare,
1199 584 1201 684 ]

163 673 230 726 dum
244 673 336 737 adsit;
358 689 444 740 quum
464 673 545 740 absit,
567 691 602 725 ne
623 674 765 741 requiras;
788 673 843 725 nisi
860 673 931 726 forte
955 673 1145 726 adolescentes
1199 700 1201 705 ·

162 752 318 822 pueritiam,
353 751 477 818 paullum
509 756 591 805 aetate
630 751 763 820 progressi
795 751 1006 804 adolescentiam
1039 753 1145 805 debent
1198 719 1201 818 l

162 829 307 898 requirere.
351 829 452 882 cursus
466 833 508 882 est
521 835 611 882 certus
625 831 722 896 aetatis,
739 834 768 882 et
781 830 895 883 unavia
915 834 1030 897 naturae,
1054 849 1144 899 eaque
1199 867 1201 968 p

163 908 297 975 simplex:
312 924 414 975 suaque
428 908 526 976 cuique
539 909 611 977 parti
624 909 714 961 astatis
727 909 926 976 tempestivitas
940 918 982 962 est
1002 910 1067 962 data
1081 930 1088 975 ;
1109 917 1145 963 ut

55 1047 58 1056 .
163 991 193 1039 et
205 987 350 1054 infirmitas
362 1003 516 1054 puerorum,
540 992 568 1040 et
581 988 707 1040 ferocitas
727 987 871 1055 juvenum,
895 992 924 1040 et
945 989 1065 1055 gravitas
1081 989 1145 1056 jam

163 1065 312 1117 constantis
339 1065 438 1132 aetatis,
467 1069 495 1118 et
514 1067 670 1118 senectutis
693 1065 838 1118 maturitas
859 1067 984 1118 naturaie
1008 1067 1145 1134 quiddam
1200 1017 1201 1112 l

162 1144 270 1208 babeat,
288 1141 425 1210 quod‘suo
437 1149 560 1212 tempore
572 1140 674 1212 percipi
687 1144 792 1198 debeat.
839 1146 883 1198 34.
908 1145 1013 1197 Audire
1026 1150 1054 1198 te
1068 1147 1143 1199 arbi·
1200 1147 1201 1242 l

163 1227 230 1288 tror,
247 1221 345 1288 Scipio,
361 1222 458 1289 hospes
470 1227 536 1276 tuus
556 1224 655 1290 avitus,
681 1223 834 1290 Masinissa,
861 1240 923 1290 quae
947 1225 1030 1278 faciat
1050 1225 1145 1292 hodie,

163 1301 312 1368 nonaginta
335 1317 421 1352 annos
440 1307 542 1366 natus;
563 1319 650 1370 quum
670 1303 806 1369 ingressus
829 1302 882 1354 iter
903 1302 1018 1370 pedibus
1041 1303 1088 1370 sit,
1112 1304 1146 1355 in
1200 1289 1201 1382 l

163 1396 266 1447 equum
292 1379 403 1432 omuino
430 1396 486 1432 non
508 1381 690 1444 adscendero;
717 1397 803 1448 quum
825 1397 903 1448 equo,
931 1398 966 1432 ex
990 1398 1061 1448 equo
1084 1399 1146 1434 non

163 1457 325 1511 descendere
339 1477 346 1521 ;
366 1458 443 1510 nullo
455 1458 549 1526 imbre,
565 1459 643 1511 nullo
655 1459 754 1526 frigore
772 1457 883 1526 adduci,
898 1463 931 1512 ut
945 1461 1032 1526 capite
1045 1466 1147 1527 operto

163 1537 221 1601 sit3
244 1553 379 1589 summam
402 1553 459 1588 esse
485 1539 515 1590 in
542 1555 574 1590 eo
600 1537 718 1604 corporis
739 1537 910 1591 siccitatem:
933 1538 1026 1604 itaque
1050 1539 1147 1592 omnia

163 1614 277 1684 exsequi
295 1615 366 1682 regis
386 1615 472 1670 officia
490 1622 519 1669 et
540 1633 659 1668 munera
704 1615 801 1668 Potest
824 1616 909 1684 igitur
932 1617 1091 1670 exercitatio
1112 1623 1145 1670 et

163 1693 344 1762 temperantia
370 1693 454 1746 etiam
486 1696 516 1747 in
549 1698 688 1747 senectute
716 1711 873 1748 conservare
901 1695 1005 1764 aliquid
1031 1696 1146 1763 pristini
1199 1727 1201 1836 4

163 1774 274 1826 roboris.
726 1821 727 1826 ,
1082 1781 1085 1786 “

203 1852 255 1906 XI.
280 1854 325 1906 Ne
340 1855 402 1906 'sint
423 1855 453 1906 in
474 1855 614 1904 senectute
634 1851 728 1903 vires?
767 1851 812 1903 Ne
835 1851 1010 1918 postulantur
1031 1853 1146 1921 quidem

163 1931 237 1984 vires
260 1949 276 1984 a
297 1937 444 1986 senectute.
488 1931 559 1997 Ergo
582 1934 611 1982 et
631 1929 738 1997 legibus
762 1933 790 1981 et
813 1929 948 1982 institutis
971 1936 1050 1985 vacat
1075 1936 1147 1986 eatae
1200 1901 1201 1996 l

163 2013 257 2062 nostra
270 2011 429 2063 muneribus
442 2011 484 2076 iis,
510 2026 572 2076 quae
593 2025 650 2060 non
670 2012 787 2076 possunt
810 2007 868 2060 sine
881 2009 985 2062 viribus
1001 2011 1141 2064 sustineri.
1200 2039 1201 2128 p

164 2087 264 2156 Itaque
277 2106 332 2141 non
346 2089 436 2156 modo,
453 2087 527 2156 quod
540 2105 596 2139 non
609 2103 761 2154 possumus,
784 2086 831 2139 sed
844 2104 879 2139 ne
893 2093 1028 2154 quantum
1047 2106 1144 2156 possu-
1200 2129 1201 2150 ,

164 2183 226 2219 mus
239 2167 359 2234 quidem,
376 2168 503 2236 cogimur.
548 2167 593 2219 35.
617 2166 711 2218 Atita
722 2165 885 2218 multisunt
904 2167 1032 2220 imbecilli
1052 2185 1143 2236 senes,

164 2249 198 2297 ut
211 2246 475 2304 nullumofficiiaut
488 2244 599 2296 omnino
612 2245 678 2296 11119
692 2261 792 2296 munus
812 2244 924 2312 exsequi
943 2246 1055 2312 possint.
1101 2247 1145 2300 At
1200 2275 1201 2282 .

164 2323 194 2374 id
208 2324 320 2390 quidem
333 2341 389 2376 non
402 2323 542 2391 proprium
562 2323 710 2374 senectutis
730 2323 830 2374 vitium
853 2327 904 2389 est,
929 2323 977 2375 sed
998 2340 1146 2378 commune
1200 2339 1201 2368 ἲ

63 2463 69 2478 ι
164 2402 338 2454 valetudinis.
383 2401 472 2464 Quam
485 2401 540 2452 fuit
553 2399 704 2452 imbecillus
718 2400 748 2452 P.
767 2399 890 2452 Africani
903 2401 975 2454 filius
988 2401 1021 2468 is,
1044 2403 1093 2470 qui
1113 2409 1145 2456 te

164 2479 326 2547 adoptavit!
342 2497 425 2548 quam
437 2479 516 2532 tenui
529 2482 578 2530 aut
591 2479 668 2530 nulla
687 2478 780 2545 potius
792 2478 969 2532 valetudine!
1011 2479 1092 2542 Quod
1113 2484 1145 2534 ni

165 2558 205 2610 ita
218 2557 324 2624 fuisset,
339 2558 457 2610 alterum
469 2557 539 2608 illud
553 2555 703 2608 exstitisset
716 2556 810 2607 lumen
823 2555 949 2609 civitatis.
994 2558 1039 2610 Ad
1053 2564 1144 2626 pater-

165 2653 231 2688 nam
257 2637 330 2688 euim
356 2633 575 2702 magnitudinem
601 2633 685 2686 animi
708 2633 832 2686 doctrina
853 2634 961 2687 uberior
983 2644 1139 2692 accesserat.

167 2713 241 2776 Quid
253 2715 354 2766 mirum
368 2714 452 2781 igitur
464 2713 494 2764 in
508 2712 627 2777 senibus,
643 2711 667 2763 si
679 2711 781 2763 infirmi
794 2716 859 2764 sunt
875 2712 1035 2780 aliquando,
1055 2731 1144 2782 quum

165 2791 195 2844 id
219 2809 255 2844 119
282 2791 466 2844 adolescentes
493 2790 604 2858 quidem
630 2791 746 2857 effugere
772 2790 898 2857 possintl
937 2790 1142 2862 Resistendum,

166 2869 236 2922 laeli
249 2874 277 2922 et
291 2869 389 2937 Scipio,
405 2868 540 2921 senectuti
552 2871 603 2934 est,
629 2868 742 2936 ejusque
763 2868 832 2920 vitia
855 2868 996 2936 diligentia
1017 2887 1144 2938 compen-

166 2947 252 3000 sanda
265 2952 351 3010 sunt3
374 2947 560 3015 pugnandum,
576 2949 708 3014 tanquam
721 2951 818 2999 contra
829 2947 964 3013 morbum,
988 2948 1026 3000 sic
1050 2954 1144 3002 contra

167 3029 342 3078 senectutem.
389 3027 433 3078 36.
458 3024 593 3076 Habenda
612 3025 682 3076 ratio
702 3023 886 3078 valetudinis:
910 3025 1046 3078 utendum
1069 3045 1144 3080 exer·

167 3103 343 3156 citationibus
356 3103 487 3167 modicis;
508 3106 619 3154 tantum
632 3101 685 3154 cibi
704 3107 733 3154 et
754 3102 873 3170 potionis
892 3103 1086 3172 adhibendum,
1111 3110 1144 3158 ut

167 3181 325 3234 reficiantur
350 3181 430 3248 vires,
458 3197 515 3234 non
541 3181 736 3248 opprimantur.
784 3179 845 3232 Nee
871 3197 936 3234 vero
962 3184 1067 3249 corpori
1093 3185 1145 3236 soli

168 3259 386 3312 subveniendum
400 3264 451 3326 est,
467 3259 514 3312 sed
527 3258 615 3310 menti
628 3262 711 3326 atque
724 3259 817 3311 animo
829 3259 919 3311 multo
932 3261 1024 3328 magis.
1069 3261 1098 3314 N
1099 3279 1144 3314 am

168 3337 227 3390 haec
242 3355 360 3406 quoque,
375 3338 429 3392 nisi
440 3342 574 3404 tanquam
583 3336 682 3388 lumini
692 3336 783 3388 oleum
792 3336 918 3403 instillas,
930 3339 1146 3406 exstinguuntur

176 3419 315 3468 1911911119.
370 3415 407 3468 Et
434 3431 545 3482 corpora
566 3413 678 3482 quidem
699 3413 926 3468 exercitationum
949 3415 1145 3484 defatigatione

176 3497 381 3561 mgravescunt:
404 3493 489 3546 animi
512 3496 605 3544 autem
629 3492 778 3544 exercendo
801 3492 937 3546 levantur.
979 3493 1054 3547 Nam
1077 3512 1146 3562 quos

176 3572 209 3624 ait
222 3571 346 3624 Oaecilius

486 3671 551 3680 —
560 3644 655 3692 11111911
664 3645 745 3692 stulta
754 3657 823 3702 mus,

212 3729 374 3797 ssigriifioat
395 3727 525 3792 credulos,
549 3727 702 3794 obliviosos,
725 3726 892 3793 dissolutos;
913 3745 975 3796 quse
996 3729 1064 3783 vitia
1083 3735 1149 3784 sunt
