2456 4162
164 251 222 308 100
476 263 512 304 11.
533 263 643 305 runnu
665 263 833 305 cronnorrs

163 408 196 456 tu
209 402 239 455 in
252 402 355 455 multos
368 401 517 455 Autronios
531 405 559 455 et
573 403 698 455 Staienos
710 401 868 456 incurreres.
892 401 953 465 Qus
965 419 995 454 re
1008 401 1066 453 sive
1079 400 1153 452 huno

163 482 274 535 turbem
287 482 405 549 effugere
419 481 539 548 voluisti,
554 483 611 534 eive
624 483 728 534 veritus
747 499 786 546 es,
801 498 836 534 ne
850 481 912 550 quis
924 498 953 540 se
966 485 1016 532 unt
1028 480 1153 548 presteri-

164 566 234 628 tnm,
250 564 368 614 autnon
392 560 458 613 setis
479 561 623 614 laudatum
645 560 723 629 queri
743 564 844 628 posset,
869 560 905 612 de
928 559 1033 612 Caesare
1057 563 1153 611 tamen

164 640 280 709 potuisti
292 639 390 706 dicere,
406 640 556 708 praesertim
569 656 632 691 cum
645 643 673 692 et
685 643 766 692 tuum
779 639 813 692 de
826 639 901 691 illius
918 639 1028 706 ingenio
1042 636 1154 690 notissi-

165 736 242 772 mum
262 719 398 787 judicium
418 723 563 785 essetnec
586 719 660 771 illius
683 718 717 770 de
736 722 786 771 tuo
807 718 959 772 obscurum.
1006 719 1071 770 252.
1097 715 1154 768 Sed

164 804 266 864 tumen,
283 798 379 863 Brute,
394 797 486 866 inquit
500 797 619 864 Atticus,
635 797 670 850 de
683 797 788 851 Geesere
802 801 830 850 et
844 797 901 865 ipse
914 797 955 850 its
964 795 1060 865 judico
1074 799 1104 848 et
1118 794 1154 847 de
1216 821 1218 825 v

165 878 216 930 hoo
229 877 313 945 hujus
325 877 431 944 generis
443 876 573 929 acerrimo
586 876 773 930 existimatore
796 875 942 944 saepissime
965 875 1057 942 sudio,
1072 873 1154 927 illum

164 955 288 1009 onmium
301 953 357 1010 Iere
371 960 509 1008 oratorum
522 954 619 1008 Ietine
632 955 708 1023 loqui
721 953 938 1023 elegentissime}
957 971 1008 1006 nec
1019 954 1049 1006 id
1063 953 1156 1006 solum

165 1034 313 1088 domestice
326 1035 532 1101 consuetudine,
547 1039 580 1086 ut
593 1034 700 1086 dudum
720 1036 755 1088 de
776 1034 923 1086 Ireliorum
944 1038 972 1086 et
995 1032 1156 1085 Muciorum

164 1113 276 1166 familiis
292 1113 480 1180 audiebamus,
504 1113 561 1181 sed,
587 1130 744 1182 quenquam
766 1113 797 1166 id
823 1129 932 1182 quoque
955 1112 1036 1165 oredo
1056 1112 1154 1177 fuisse,

165 1198 268 1259 temen,
290 1196 323 1244 ut
343 1196 413 1244 esset
433 1193 553 1260 perfeeto
565 1192 613 1244 illu
626 1192 696 1246 bene
709 1192 840 1263 loquendi
853 1192 922 1258 que,
937 1191 1032 1244 multis
1051 1191 1156 1243 litteris

166 1275 194 1324 et
214 1272 254 1324 eis
273 1269 385 1340 quidem
415 1271 562 1324 reconditis
581 1275 610 1324 et
638 1272 781 1341 exquisitis
808 1288 969 1339 summoque
1001 1269 1096 1322 studio
1127 1274 1157 1320 et

167 1350 309 1418 diligentie
322 1355 364 1402 est
382 1355 553 1405 eouseeutus.
595 1353 660 1406 253.
693 1351 748 1415 Qui
761 1350 885 1404 etiemin
899 1349 1026 1402 maximis
1039 1365 1157 1416 occupe-

165 1431 288 1483 tionibus
308 1431 343 1483 ed
363 1435 392 1483 te
415 1431 513 1498 ipsum,
533 1430 635 1498 iuquit,
650 1430 680 1484 iu
692 1447 738 1484 me
749 1431 870 1496 Intuens,
886 1428 921 1481 de
934 1428 1040 1482 retione
1054 1426 1158 1480 iatine

166 1508 299 1577 loquendi
311 1510 510 1562 accuratissime
523 1509 659 1577 scripserit
672 1510 815 1578 primoque
836 1507 866 1560 iu
887 1507 957 1560 libro
970 1506 1081 1573 dixerit,
1094 1523 1158 1559 ver·

166 1587 265 1640 berum
292 1588 429 1640 delectum
455 1589 587 1656 originem
615 1605 672 1641 esse
699 1586 864 1657 eloquentius
895 1586 1087 1654 tribueritquu
1115 1587 1157 1638 mi

166 1666 263 1733 Brute,
292 1667 356 1719 huic
375 1672 478 1734 nostro,
501 1667 549 1735 qui
568 1684 613 1719 me
632 1667 667 1719 de
693 1667 741 1720 illo
771 1666 869 1720 meluit
889 1683 972 1734 quem
991 1682 1029 1732 se,
1051 1664 1156 1731 dicere,

166 1746 276 1798 leudem
290 1745 558 1812 singularem-uum
571 1745 678 1814 scripsit
692 1745 847 1811 hieremie,
863 1762 925 1798 cum
946 1745 1020 1798 hunc
1041 1743 1158 1798 nomine

167 1829 238 1877 esset
252 1825 350 1876 effetus
365 1843 371 1876 τ
402 1826 422 1854 “
432 1841 464 1876 ec
477 1824 509 1890 si,
524 1829 557 1876 ut
571 1825 689 1893 cogitate
701 1825 829 1893 prboiure
843 1824 936 1892 eloqui
948 1827 1067 1892 possent,
1084 1840 1157 1876 non·

167 1903 239 1955 nulli
261 1903 355 1956 studio
376 1908 404 1954 et
427 1920 479 1956 usu
502 1903 719 1971 elaboraverunt,
742 1905 826 1973 hujus
846 1909 875 1956 te
896 1919 973 1972 paeue
1000 1902 1158 1970 principem

167 1982 252 2050 copim
265 1986 348 2050 utque
369 1982 540 2035 inventorem
563 1982 631 2034 bene
655 1983 689 2036 de
713 1984 823 2036 nomine
846 1999 878 2035 uo
898 1981 1036 2050 dignitute
1058 1982 1157 2049 populi

168 2061 287 2114 Romani
308 2061 436 2114 meritum
460 2078 518 2113 esse
541 2061 695 2114 existimare
713 2061 983 2115 debemus''-huno
996 2057 1105 2114 facilem
1126 2065 1157 2113 et

167 2145 196 2192 et
217 2140 409 2208 quotidianum
422 2141 529 2192 novisse
552 2158 713 2208 sermonem,
739 2159 814 2195 nuno
840 2157 890 2210 pro
915 2140 1010 2192 relicto
1037 2143 1080 2192 est
1107 2139 1156 2192 hs·

167 2219 296 2274 bendum.

208 2297 337 2350 LXXIII
390 2299 454 2352 254.
479 2299 549 2350 Tum
557 2298 671 2366 Brutus,
682 2298 787 2366 Amice,
796 2299 914 2364 hercule,
924 2297 1023 2366 inquit,
1037 2300 1067 2350 et
1080 2313 1157 2365 meg-

168 2377 247 2428 nifioe
260 2381 288 2428 te
301 2376 444 2429 lsudetum
458 2381 535 2445 puto,
551 2395 633 2446 quem
652 2395 709 2430 non
729 2378 818 2431 solum
837 2376 987 2446 prinoipem
1006 2380 1092 2444 atque
1112 2376 1156 2428 in·

168 2460 310 2507 ventorem
332 2455 415 2522 copiae
439 2455 549 2522 dixerit,
565 2473 628 2524 quse
641 2461 700 2509 erut
712 2473 811 2524 magne
823 2457 892 2523 leue,
908 2456 956 2508 sed
978 2455 1062 2508 etium
1082 2455 1156 2508 bene

168 2534 296 2586 meritum
309 2533 344 2586 de
357 2533 452 2601 populi
459 2534 578 2587 Romani
590 2535 700 2588 nemine
710 2540 739 2589 et
751 2536 892 2604 dignitate
936 2533 997 2597 Quo
1010 2533 1085 2586 euim
1097 2551 1158 2587 uno

171 2613 344 2665 vincebamur
363 2631 380 2665 a
400 2612 473 2665 victe
486 2613 599 2680 Graecia,
615 2614 644 2666 id
667 2619 715 2667 eut
739 2619 863 2683 ereptum
883 2613 937 2666 illis
950 2617 1001 2680 est,
1017 2620 1067 2666 eut
1080 2618 1156 2666 oerte

168 2691 247 2743 nobis
267 2709 329 2744 oum
351 2691 405 2744 illis
428 2693 664 2746 communicatum.
720 2695 785 2747 255.
818 2693 899 2746 Hanc
921 2704 1023 2758 eutem,
1049 2692 1152 2766 inquit,

169 2770 282 2837 gloriam
303 2771 544 2838 testimoniumque
559 2771 671 2824 Gesseris
684 2776 741 2824 tues
755 2771 866 2840 quidem
879 2770 1071 2838 supplicationi
1085 2788 1153 2837 non,

169 2849 217 2900 sed
227 2849 373 2917 triumphis
386 2850 535 2902 multorum
549 2855 692 2918 antepono.
736 2851 774 2903 Et
796 2856 869 2904 recte
890 2849 1011 2918 quidem,
1026 2849 1153 2917 inquam,

171 2927 277 2991 Brute;
296 2929 378 2981 medo
391 2929 427 2980 sit
440 2928 492 2981 hoc
505 2929 617 2982 Caesaris
627 2929 734 2997 judieii,
749 2947 805 2982 non
819 2928 1016 2982 benevolentiee
1029 2929 1155 2980 testimo-

170 3005 256 3060 nium.
308 3007 376 3058 Plus
389 3007 462 3059 enim
476 3013 548 3060 certe
562 3008 657 3060 attulit
670 3008 733 3060 huic
746 3009 847 3076 populo
861 3008 1011 3075 diguitatis,
1027 3007 1154 3075 quisquis

170 3088 213 3136 eet
226 3085 281 3150 ille,
297 3085 414 3138 simodo
428 3091 469 3138 est
483 3087 590 3154 uliquis,
606 3087 654 3154 qui
669 3103 724 3139 non
738 3087 887 3140 illrutruvit
900 3086 990 3153 modo,
1006 3085 1154 3139 sedetiam

170 3163 266 3232 genuit
287 3164 316 3216 in
340 3163 390 3216 heo
408 3165 475 3216 'urbe
498 3165 607 3218 dicendi
634 3166 747 3233 copiam,
773 3182 855 3233 quem
878 3166 928 3232 illi,
949 3166 998 3234 qui
1019 3165 1155 3233 Ligurum

170 3242 280 3295 castelle
310 3249 554 3310 expugnaverunt:
595 3261 629 3298 ex
655 3245 755 3312 quibus
780 3245 862 3297 multi
895 3249 969 3311 sunt,
1000 3248 1034 3297 ut
1066 3243 1152 3310 scitis,

170 3317 310 3389 triumplii
356 3325 420 3375 256.
445 3322 549 3375 Verum
563 3324 673 3390 quidem
687 3323 710 3375 si
722 3323 816 3376 audire
830 3324 964 3389 velumus,
981 3323 1086 3376 omissis
1100 3324 1156 3376 illis

170 3400 271 3452 divinis
304 3401 431 3467 consiliis,
467 3402 566 3469 quibus
598 3419 669 3470 saepe
702 3402 852 3455 constitute
883 3407 926 3454 est
958 3403 1155 3470 imperatorum

170 3479 303 3546 sapientie
316 3481 388 3532 selue
402 3481 581 3533 civitatis-eut
594 3481 660 3532 belli
672 3486 721 3534 aut
734 3481 817 3546 domi,
833 3482 921 3534 multo
934 3499 1049 3548 magnus
1062 3486 1156 3534 orator

167 3562 283 3621 praestet
295 3559 409 3611 minutis
421 3561 635 3627 imperatoribus.
660 3561 699 3612 At
709 3561 819 3627 prodest
832 3561 894 3628 plus
906 3561 1060 3628 imperator.
1086 3559 1155 3624 Quis

167 3636 271 3703 negstI
291 3637 336 3689 sed
351 3643 539 3691 tamen-non
553 3643 646 3690 metuo
659 3657 694 3690 ne
707 3639 776 3691 mihi
792 3639 945 3692 acclametis
959 3659 966 3704 ;
986 3643 1028 3691 est
1047 3644 1151 3705 eutem,

169 3714 246 3782 suod
260 3717 369 3784 sentias,
386 3717 493 3770 dicendi
511 3712 595 3770 libere
617 3718 824 3770 locus-malim
837 3718 905 3770 mihi
918 3717 948 3772 L
965 3717 1055 3771 Croesi
1067 3734 1155 3772 uuum
1217 3775 1218 3786 γ
