2436 4164
144 233 183 291 m
457 247 493 287 n.
514 246 623 288 rursu
644 245 811 288 cressonis

145 386 266 446 auctore,
283 397 345 448 quse
365 385 446 434 antea
466 382 679 434 contemnebam.
726 384 790 434 124.
815 380 903 448 Atqui
916 380 984 446 baec,
998 379 1124 447 inquunt,

144 461 179 512 de
192 460 299 512 incestu
312 460 426 512 laudate
439 461 525 512 oratio
538 460 649 528 puerilis
662 464 703 512 est
716 460 782 512 locis
794 459 907 510 multis:
928 457 962 509 de
976 473 1078 524 amore,
1090 457 1125 509 de

142 538 297 604 tormentis,
313 538 347 590 de
367 555 475 590 rumore
494 539 547 591 loci
567 555 631 590 sane
651 539 764 601 inanes;
784 553 880 588 verum
893 540 986 588 tamen
999 535 1124 588 nondum
1201 555 1203 560 ’

143 617 217 668 tritis
238 621 392 668 nostrorum
414 617 555 669 hominum
568 617 679 669 auribus
700 632 750 668 nec
771 615 878 667 erudita
892 613 1004 667 civitate
1023 613 1123 666 tolera·
1202 644 1204 652 π

142 695 218 748 biles.
263 695 375 762 Scripsit
398 695 481 747 etiam
494 695 547 747 alia
559 695 693 746 nonnulla
713 697 741 746 et
759 693 847 745 multa
866 692 938 745 dixit
957 697 987 744 et
1006 691 1124 744 illustria

143 777 172 825 et
198 774 228 826 in
254 791 368 826 numero
393 777 570 843 patronorum
595 772 659 838 fuit,
684 776 718 825 ut
740 789 804 823 eum
823 771 914 837 mirer,
936 788 999 822 cum
1019 769 1045 822 ei
1065 770 1123 822 vita

143 851 371 919 suppeditavisset
398 856 426 903 et
452 851 580 918 splendor
606 851 631 902 ei
657 867 713 902 non
739 849 879 916 defuisset,
900 849 1039 902 consulem
1065 865 1123 900 non

142 929 232 982 fuisse.

69 993 74 1000 '
182 1007 323 1059 xxxnr.
369 1009 433 1061 ras.
458 1007 510 1060 sed
525 1023 585 1059 0000
599 1007 629 1058 in
642 1007 768 1060 manibus
785 1007 828 1058 vir
847 1010 876 1058 os
895 1005 1122 1072 praestantissimo

142 1085 253 1152 ingenio
274 1091 303 1136 et
323 1086 450 1152 flagranti
473 1086 565 1138 studio
588 1089 616 1137 et
640 1085 738 1138 doctus
760 1102 777 1137 a
800 1101 892 1152 puero,
916 1083 946 1136 (l.
970 1083 1117 1136 Gracchus

142 1163 210 1215 Noli
223 1163 295 1214 enim
316 1167 411 1230 putare
431 1180 604 1232 quemquam,
621 1163 715 1230 Brute,
730 1163 880 1231 pleniorem
898 1166 948 1214 aut
966 1161 1122 1214 uberiorem

142 1241 178 1293 ad
191 1241 337 1293 dieendum
351 1241 440 1294 fuisse.
474 1242 512 1294 Et
524 1242 580 1308 ille,
592 1241 636 1294 Sic
649 1259 767 1310 prorsus,
778 1242 880 1309 inquit,
895 1241 1022 1292 existimo
1034 1244 1120 1307 atque

141 1319 226 1371 istum
240 1319 274 1372 de
287 1320 469 1387 superioribus
481 1337 559 1388 paene
572 1321 661 1372 solum
674 1321 740 1388 lego.
785 1321 875 1372 Immo
888 1319 978 1387 plane,
993 1319 1118 1386 inquam,

143 1397 238 1464 Brute,
254 1398 326 1465 legas
347 1414 448 1451 censeo.
492 1399 632 1452 Damnum
651 1399 725 1451 enim
743 1399 818 1451 illius
836 1398 983 1450 immaturo
1003 1396 1120 1450 interitu

140 1493 184 1528 res
205 1476 337 1528 Romane
358 1477 517 1545 Latinaeque
538 1478 638 1529 litterae
663 1478 794 1530 fecerunt
839 1477 904 1529 126.
928 1475 1043 1528 Utinam
1062 1491 1119 1528 non

140 1559 199 1606 tam
212 1555 291 1606 fratri
303 1555 433 1622 pietatem
447 1571 530 1622 quam
542 1555 638 1623 patriae
651 1558 779 1622 praestare
798 1554 946 1607 voluisset!
968 1570 1051 1620 quam
1071 1553 1120 1606 ille

140 1633 220 1684 facile
243 1633 293 1685 tali
314 1633 430 1699 ingeni0,
451 1633 555 1700 diutius
577 1633 600 1686 si
619 1633 742 1700 vixisset,
758 1633 802 1685 vel
821 1637 963 1699 paternam
982 1637 1054 1684 esset
1073 1633 1120 1685 vel

140 1710 242 1762 avitam
255 1711 368 1777 gloriam
382 1714 558 1764 consecutus!
579 1711 736 1779 eloquentia
748 1711 860 1779 quidem
872 1711 963 1764 nescio
976 1727 1012 1762 au
1031 1710 1118 1763 habu-

139 1788 205 1840 isset
224 1805 316 1856 parem
336 1789 480 1842 neminem
524 1789 642 1842 Grandis
664 1794 706 1842 est
718 1789 817 1856 verbis,
832 1789 941 1856 sapiens
963 1789 1117 1856 sententiis,

140 1883 237 1934 genere
251 1870 311 1919 toto
323 1867 431 1934 gravis:
451 1883 548 1919 manus
561 1870 682 1920 extrema
694 1883 750 1920 non
763 1867 874 1920 aceessit
891 1867 1018 1938 operibus
1037 1866 1119 1934 ejus3

139 1945 268 2012 praeclara
300 1945 427 1998 inchoata
460 1946 556 2011 multa,
586 1945 706 2012 perfecta
737 1962 794 1998 non
826 1945 913 2013 plane.
961 1945 1115 2012 legendus,

139 2023 261 2091 inquam,
277 2029 319 2076 est
340 2024 384 2076 hie
405 2027 505 2091 orator,
528 2024 623 2090 Brute,
642 2023 666 2076 si
686 2023 830 2091 quisquam
851 2024 931 2090 alius,
951 2023 1119 2090 juventuti;

139 2119 195 2154 non
209 2103 282 2154 enim
296 2103 384 2155 solum
398 2119 500 2169 acuere,
518 2103 566 2156 sed
579 2102 662 2156 etiam
675 2103 746 2155 alere
759 2101 899 2168 ingenium
911 2106 1009 2168 potest.

181 2180 245 2237 127.
263 2181 337 2234 Huic
348 2182 475 2234 successit
486 2183 562 2234 retati
573 2182 600 2235 0.
616 2181 711 2246 Galba,
723 2180 811 2233 Servii
819 2180 893 2232 illius
902 2180 1120 2246 eloquentissimi

139 2259 191 2310 viri
205 2259 285 2324 filius,
302 2260 333 2312 P.
351 2259 439 2311 Crassi
452 2260 605 2327 eloquentis
619 2264 647 2310 et
657 2259 809 2326 jurisperiti
821 2275 910 2326 gener.
954 2258 1120 2312 laudabant

139 2337 213 2388 hunc
233 2342 324 2404 patras
344 2337 437 2403 nostri,
461 2337 590 2390 favebant
610 2338 692 2389 etiam
712 2341 823 2405 propter
841 2336 928 2404 patris
946 2337 1117 2404 memoriam,

139 2413 186 2466 sed
214 2414 310 2466 cecidit
336 2414 365 2465 in
392 2431 479 2467 cursu.
520 2415 597 2467 -Nam
622 2415 762 2482 rogatione
785 2414 918 2482 Mamilia,
938 2413 1119 2482 Jugurthinae

140 2491 333 2558 conjurationis
347 2492 459 2558 invidia,
475 2509 538 2546 cum
558 2509 607 2560 pro
627 2510 684 2545 sese
697 2493 755 2560 ipse
768 2493 891 2558 dixisset,
906 2509 1050 2560 oppressus
1063 2499 1114 2547 est

139 2569 238 2622 Exstat
251 2569 310 2637 ejus
323 2571 466 2636 peroratio,
482 2571 531 2638 qui
543 2571 665 2639 epilogus
678 2571 797 2635 dicitur;
817 2571 866 2638 qui
878 2574 957 2624 tanto
971 2571 1001 2622 in
1013 2571 1118 2624 honore

139 2649 229 2714 pueris
249 2648 327 2700 nobis
347 2653 413 2714 erat,
437 2653 470 2701 ut
493 2666 556 2702 eum
582 2649 666 2701 etiam
691 2649 877 2702 edisseremus.
921 2649 985 2714 Hic,
1011 2651 1060 2717 qui
1086 2650 1118 2702 in

139 2726 252 2794 collegio
265 2726 433 2778 secerdotum
448 2733 527 2794 esset,
542 2727 645 2795 primus
658 2731 720 2795 post
732 2727 850 2780 Romam
863 2727 1001 2780 conditam
1010 2727 1120 2794 judicio

138 2804 247 2870 publico
261 2809 302 2856 est
315 2805 517 2858 condemnatus

179 2881 316 2935 XXXIV.
343 2871 426 2936 ⁰128.
451 2883 483 2936 P.
507 2883 605 2950 Scipio,
627 2884 677 2950 qui
696 2883 789 2936 estin
812 2884 956 2936 consulatu
978 2887 1116 2950 mortuus,

138 2975 194 3010 non
221 2961 340 3012 multum
365 2961 411 3012 ille
438 2961 549 3028 quidem
575 2978 625 3013 nee
651 2978 722 3029 saepe
748 2961 865 3028 dicebat,
888 2961 937 3014 sed
962 2965 991 3014 et
1017 2960 1118 3014 Latine

139 3037 275 3104 loquendo
295 3038 380 3089 cuivis
400 3044 459 3091 erat
478 3056 527 3106 par
546 3043 575 3091 et
594 3056 688 3092 omnes
707 3039 762 3092 sale
781 3040 940 3106 facetiisque
959 3039 1114 3106 superabat

138 3115 207 3182 Ejus
228 3115 330 3182 collega
351 3115 381 3168 L.
400 3115 493 3168 Bestia
511 3117 590 3170 bonis
610 3118 696 3170 initiis
716 3135 793 3170 orsus
812 3117 970 3170 tribunatus
983 3117 1059 3186 (nam
1077 3117 1112 3172 P.

139 3193 287 3260 Popillium
300 3195 328 3245 vi
342 3193 369 3246 Ο.
389 3193 503 3249 Gracchi
522 3196 666 3262 expulsum
685 3213 735 3248 sua
753 3195 894 3264 rogatione
913 3194 1056 3263 restituit),
1071 3196 1118 3248 vir

138 3283 166 3322 et
193 3288 254 3324 acer
279 3275 307 3323 et
334 3288 389 3323 non
415 3273 572 3340 indisertus,
594 3273 686 3326 tristes
712 3273 802 3326 exitus
827 3273 926 3326 habuit
946 3273 1113 3328 consulatus.

137 3349 212 3401 Nam
234 3349 368 3402 invidiosa
388 3351 539 3418 quaestione
559 3351 587 3404 Ο.
612 3352 727 3404 Galbam
746 3351 913 3404 sacerdotem
933 3355 962 3403 et
981 3355 1118 3418 quattuor

137 3427 299 3494 consulares,
325 3427 354 3480 L
383 3429 513 3496 Bestiam,
535 3429 563 3483 O.
590 3429 730 3496 Catonem,
746 3429 790 3497 Sp.
808 3429 948 3495 Albinum,
973 3429 1117 3498 civemque

137 3505 389 3572 praestantissimum
403 3507 433 3560 L.
452 3507 599 3575 Opimium,
612 3503 731 3560 ¹Gracchi
749 3507 960 3573 interfectorem,
977 3523 993 3558 a
1013 3508 1118 3575 populo

137 3582 302 3650 absolutum,
319 3601 381 3636 cum
403 3585 427 3637 is
449 3590 543 3637 contra
562 3587 656 3653 populi
676 3585 799 3639 studium
818 3584 947 3651 stetisset,
963 3583 1118 3638 Gracchani

138 3660 242 3714 iudicas
274 3663 453 3716 sustulerunt.
505 3665 570 3717 129.
603 3663 697 3730 Hujus
727 3662 876 3729 dissimilis,
908 3663 938 3715 in
970 3661 1117 3716 tribunatu
