2436 4164
463 293 541 334 caro
563 293 678 334 1111011.
1021 280 1058 334 lo

75 437 169 484 16111611
182 433 274 485 omnia
287 432 409 484 dulciora
422 432 494 484 fiunt
505 436 532 484 et
546 433 667 484 moribus
687 433 764 485 bonis
785 437 813 485 et
831 434 935 486 artibus
947 454 953 498 ;
974 435 1058 502 idque

75 528 162 578 quum
175 511 204 563 in
218 511 285 577 vita,
300 514 362 562 tum
374 511 404 562 in
417 527 497 562 scena
510 511 628 578 intelligi
641 515 731 578 potest
745 529 779 563 ex
799 512 833 564 iis
852 512 993 579 fratribus,
1010 515 1058 581 qui

74 591 105 641 in
119 590 252 657 Adelphis
267 594 338 642 sunt.
384 588 494 652 Quanta
508 590 538 641 in
552 590 637 642 altero
648 588 754 655 diritas,
777 591 807 642 in
820 591 906 644 altero
923 592 1036 644 comitas
1051 596 1055 645 !

75 669 120 720 Sic
143 686 171 720 se
195 685 237 720 res
258 669 347 721 habet.
392 668 433 720 Ut
456 669 529 720 enim
547 685 602 720 non
624 685 704 721 omne
718 669 823 734 vinum,
848 670 885 721 sic
898 679 954 722 non
968 671 1057 722 omnis

74 751 143 800 aetas
156 752 295 800 vetustate
309 747 445 799 coacescit.
490 747 669 799 Severitatem
682 741 712 799 in
726 752 866 800 senectute
882 749 967 816 probo
981 768 988 812 ;
1009 750 1057 802 sed

74 844 144 892 earn,
165 827 235 878 sicut
253 827 315 891 alia,
335 825 487 878 modicam:
508 826 684 878 acerbitatem
703 827 781 878 nullo
800 827 889 880 modo.
933 828 1058 880 Avaritia

74 922 139 957 vero
154 905 246 958 senilis
259 905 326 972 quid
340 904 392 956 sibi
412 905 490 970 velit,
515 921 571 955 non
588 904 718 972 intelligo.
763 905 859 958 Potest
882 907 954 959 enim
978 907 1056 974 quid·

74 1002 158 1052 quam
172 1001 228 1036 esse
241 983 393 1049 absurdius,
409 999 492 1050 quam
505 999 560 1050 quo
573 983 664 1036 minus
678 984 730 1036 viae
743 989 836 1052 restat,
850 1002 882 1037 eo
892 986 954 1054 plus
964 985 1057 1038 viatici

74 1063 218 1130 quaerere?

114 1141 195 1195 XIX.
222 1143 266 1194 66.
292 1140 396 1204 Quarta
409 1145 495 1192 restat
516 1157 604 1207 causa,
630 1159 692 1208 quae
714 1142 830 1194 maxime
852 1160 950 1210 angere
972 1147 1055 1210 atque

73 1221 216 1273 sollicitam
224 1221 324 1272 habere
332 1223 453 1271 nostram
462 1224 572 1271 aetatem
580 1221 698 1286 videtur,
710 1222 937 1289 appropinquatio
945 1223 1055 1285 mortis3

73 1317 136 1366 quae
161 1303 233 1352 certe
257 1316 273 1350 a
296 1302 436 1350 senectute
457 1314 513 1350 non
534 1303 624 1365 potest
646 1299 726 1366 longe
746 1299 845 1353 abesse.
890 1299 1055 1352 Omiseram

72 1395 175 1444 senem,
191 1378 240 1446 qui
252 1382 369 1430 mortem
382 1378 607 1429 contemnendam
622 1395 687 1444 esse,
703 1379 733 1429 in
745 1383 803 1430 tam
811 1378 892 1446 longa
905 1383 986 1431 aetate
999 1396 1054 1432 non

71 1457 191 1510 viderit!
213 1474 275 1524 quae
289 1461 337 1508 aut
360 1456 441 1523 plane
463 1456 625 1522 negligenda
648 1461 698 1523 est,
724 1457 747 1508 si
770 1457 881 1509 omnino
904 1459 1055 1524 exstinguit

71 1536 205 1602 animum,
230 1540 278 1587 aut
302 1535 385 1587 etiam
408 1535 535 1601 optanda,
561 1535 584 1586 si
605 1535 697 1602 aliquo
721 1552 783 1586 eum
805 1535 925 1602 deducit,
951 1536 1054 1588 ubisit

71 1615 185 1666 futurus
211 1617 335 1666 aeterniis.
381 1613 469 1680 Atqui
489 1614 603 1666 tertium
627 1619 698 1666 certe
720 1614 789 1666 nihil
810 1614 927 1666 inveniri
951 1620 1047 1682 potest.

75 1692 121 1748 67.
148 1692 220 1756 Quid
233 1692 317 1759 igitur
338 1693 459 1758 timeam,
486 1693 509 1744 si
532 1697 580 1744 aut
601 1710 657 1744 non
678 1693 760 1744 miser
780 1697 984 1760 postmortem,
1004 1699 1053 1746 aut

72 1772 170 1823 beatus
183 1772 265 1822 etiam
278 1773 387 1824 futurus
407 1771 488 1822 sumt
528 1770 691 1839 Quanquam
712 1772 774 1839 quis
797 1776 838 1824 est
860 1776 918 1824 tam
940 1773 1050 1839 stultns,

71 1850 197 1917 quamvis
211 1851 247 1902 sit
260 1850 424 1916 adolescens,
440 1850 484 1902 cui
498 1850 534 1901 sit
548 1851 727 1918 exploratum,
745 1868 773 1902 se
791 1852 826 1903 ad
839 1868 982 1918 vesperum
995 1869 1052 1903 esse

71 1929 229 1981 victmnml
270 1928 440 1991 Quinetiam
453 1933 521 1980 aetas
533 1929 581 1980 illa
602 1930 690 1982 multo
714 1929 814 1996 plures,
840 1947 923 1998 quam
946 1935 1047 1996 nostra,

72 2009 166 2060 mortis
179 2025 255 2060 casus
268 2008 359 2060 habet.
404 2007 522 2060 Facilius
535 2009 564 2059 in
578 2009 686 2060 morbos
703 2008 830 2060 incidunt
847 2009 1030 2061 adolescentes
1045 2029 1051 2072 ;

69 2087 179 2153 gravius
188 2090 327 2154 'amotant
341 2107 348 2148 ;
368 2086 474 2138 tristius
487 2090 624 2140 curantur.
669 2087 767 2156 Itaque
784 2087 864 2154 pauci
883 2087 1000 2139 veniunt
1016 2087 1051 2140 ad

70 2169 259 2218 senectutem:
280 2165 354 2232 quod
367 2167 398 2216 ni
410 2165 451 2218 ita
469 2165 611 2231 accideret,
634 2166 732 2218 melius
755 2169 784 2217 et
801 2165 964 2232 prudentius
977 2166 1050 2218 vive·

69 2247 152 2297 retur.
196 2243 277 2296 Mens
291 2244 363 2296 enim
377 2248 406 2296 61
418 2245 489 2296 ratio
503 2249 531 2296 et
545 2244 687 2296 consilium
704 2244 734 2295 in
754 2243 862 2295 senibus
876 2249 935 2298 est:
957 2245 1006 2312 qui
1028 2245 1051 2296 si

69 2323 140 2374 nulli
157 2323 283 2388 fuissent,
307 2323 391 2374 nullae
410 2323 521 2374 omnino
540 2323 664 2374 civitates
685 2323 808 2375 fuissent.
854 2322 907 2375 Sed
919 2323 1001 2375 redeo
1014 2323 1050 2375 ad

69 2407 187 2453 mortem
199 2401 409 2468 impendentem.
445 2401 524 2464 Quod
539 2406 580 2453 est
593 2401 662 2453 illud
676 2401 777 2454 crimen
791 2402 947 2468 senectutis,
964 2419 1050 2469 quum

69 2481 98 2531 id
112 2480 139 2532 ei
152 2480 268 2532 videatis
282 2497 344 2532 cum
357 2480 538 2533 adolescentia
552 2497 609 2532 esse
631 2480 792 2532 commune?
833 2483 878 2534 68.
902 2481 980 2533 Sensi
1000 2497 1049 2548 ego

68 2560 98 2610 in
120 2559 225 2626 optimo
246 2559 311 2624 filie,
336 2563 369 2610 111
391 2559 420 2610 iu
441 2559 605 2626 exspectatis
627 2559 661 2610 ad
681 2559 874 2626 amplissimam
886 2559 1049 2626 dignitatem
1146 2579 1156 2590 ·

68 2637 210 2704 fratribus,
235 2638 333 2704 Scipi0,
357 2641 474 2689 mortem
497 2637 573 2689 omni
595 2638 672 2690 aetati
698 2654 755 2690 esse
779 2653 956 2690 communem.
1012 2640 1049 2690 At

68 2721 160 2783 sperat
181 2717 336 2768 adolescens
357 2716 406 2768 diu
423 2733 451 2768 se
474 2716 633 2768 victurum:
655 2717 727 2784 quod
750 2733 857 2782 sperare
879 2716 953 2768 idem
966 2733 1049 2767 senex
1131 2724 1133 2729 “

67 2812 125 2847 11011
148 2799 245 2862 potest.
290 2794 455 2861 Insipienter
477 2799 573 2862 sperat.
618 2794 692 2857 Quid
719 2794 792 2846 enim
818 2795 938 2860 stultius,
966 2811 1048 2861 quam

67 2874 172 2926 incerta
185 2891 234 2941 pro
248 2874 327 2926 certis
339 2874 448 2940 habere,
463 2873 532 2925 falsa
550 2890 598 2940 pro
608 2873 698 2925 veriet
737 2874 777 2924 At
800 2889 892 2940 senex,
917 2889 953 2924 ne
974 2874 1048 2940 quod

68 2957 160 3020 speret
184 2953 304 3018 quidem,
330 2952 433 3005 habet:
464 2956 494 3004 at
516 2956 557 3003 est
579 2968 611 3002 eo
634 2951 744 3003 meliore
771 2951 936 3018 conditione,
965 2967 1049 3019 quam

68 3031 234 3096 adolescens,
247 3048 333 3098 quum
346 3031 384 3096 id,
397 3030 472 3098 quod
485 3031 532 3082 ille
550 3034 649 3098 sperat,
665 3030 709 3082 hic
723 3034 883 3082 consecutus
903 3035 952 3084 est
995 3029 1048 3082 llle

68 3111 130 3162 vult
145 3110 193 3162 diu
207 3109 320 3162 vivere:
340 3109 385 3161 hic
398 3110 447 3161 diu
462 3109 540 3162 vixit.
585 3110 630 3161 69.
656 3108 826 3178 Quanquam,
853 3126 869 3162 ο
892 3109 940 3160 Dii
962 3109 1047 3162 boni!

69 3189 138 3256 quid
152 3192 194 3240 est
207 3189 237 3239 in
261 3188 379 3240 hominis
400 3189 459 3240 vita
480 3187 548 3240 diui
587 3187 630 3239 Da
649 3188 723 3239 enim
743 3204 900 3254 supremum
919 3192 1048 3254 tempus:

68 3271 256 3334 exspectemus
270 3267 465 3320 Tartessiorum
479 3266 562 3334 Regis
572 3270 699 3319 aetatem:
719 3266 774 3318 fuit
782 3266 864 3332 enim,
876 3270 909 3318 ut
917 3265 1049 3332 scriptum

68 3347 158 3412 video,
174 3345 381 3412 Arganthonius
394 3345 505 3413 quidam
519 3344 649 3410 Gadibus,
665 3345 714 3412 qui
730 3345 869 3412 octoginta
889 3348 1049 3411 regnaverat

69 3442 164 3492 annos,
181 3428 292 3477 centum
306 3424 405 3492 viginti
416 3424 542 3476 vixerat:
563 3423 610 3475 sed
624 3423 691 3474 mihi
704 3440 739 3475 ne
753 3423 916 3474 diuturnum
936 3422 1048 3490 quidem

68 3504 220 3573 quidquam
233 3503 352 3568 videtur,
368 3503 466 3570 inquo
481 3507 522 3554 est
540 3501 644 3570 aliquid
658 3505 817 3553 extremum.
862 3501 955 3561 Quum
976 3501 1047 3553 enim

68 3584 95 3636 id
109 3581 232 3647 advenit,
248 3586 309 3634 tum
318 3581 398 3648 illud,
411 3581 485 3650 quod
498 3580 640 3648 praeteriit,
655 3578 761 3632 effluxit
775 3597 781 3631 ε
794 3583 905 3631 tantum
915 3584 1045 3646 remanet,

69 3662 142 3730 quod
158 3662 260 3714 virtute
273 3665 302 3712 et
314 3661 474 3714 rectefactis
483 3663 644 3712 consecutus
657 3658 699 3710 sis
724 3657 809 3710 Horae
823 3658 934 3726 quidem
948 3659 1037 3711 ceduu

68 3747 95 3794 et
118 3741 178 3794 dies
196 3744 225 3792 61
246 3756 352 3792 menses
369 3744 397 3791 et
420 3738 506 3802 anui;
537 3755 586 3790 nec
606 3736 776 3806 praeteritum
796 3741 905 3805 tempus
928 3755 1029 3806 unqua]
