2436 4164
458 271 536 314 earo
557 271 673 316 uaros.
1037 259 1056 312 5

67 411 223 480 accepimus
246 411 379 478 Platonis,
395 411 443 480 qui
466 428 523 464 uno
547 416 575 465 et
595 412 759 480 octogesimo
779 430 852 466 anno
873 412 992 466 scribens
1013 415 1055 464 est

68 497 196 544 mortuus
208 511 215 556 ;
236 491 345 559 qualem
359 490 495 557 Isocratis,
511 492 560 559 qui
574 509 636 544 eum
649 492 760 557 librum,
774 492 822 560 qui
836 491 1055 544 Panathenaicus

66 570 237 636 inscribitur,
263 575 361 637 quarto
395 573 423 622 et
454 571 628 638 nonagesimo
655 587 727 622 anno
755 571 891 637 scripsisse
920 588 948 622 se
975 570 1051 634 dicit,

66 649 195 717 vixitque
215 648 448 718 'quinquennium
481 655 595 716 postea;
629 650 706 718 eujus
739 650 868 716 magister
902 649 1054 700 Leontinus

67 728 185 796 Gorgias
199 731 310 780 centum
330 732 359 780 et
379 732 483 794 septem
497 728 642 796 complevit
656 745 761 792 annos;
782 746 872 796 neque
886 745 1009 794 unquam
1024 727 1052 778 iu

65 823 119 858 suo
133 807 227 858 studio
240 811 323 874 atque
337 823 417 874 opere
431 807 554 860 cessavit.
599 806 662 872 Qui,
679 821 765 874 quum
779 825 813 859 ex
827 824 859 858 eo
874 810 1050 874 quaereretur,

65 903 118 937 eur
130 885 238 938 tamdiu
251 885 334 938 vellet
347 903 404 938 esse
417 884 447 937 in
457 886 533 938 vita:
554 885 624 936 nihil
637 886 726 953 babeo,
741 885 841 953 inquit,
852 886 922 953 quod
936 901 1054 936 accusem

64 968 232 1017 senectsstem.
276 965 442 1016 Praeclarum
463 981 623 1032 responsum
643 969 671 1016 et
685 965 767 1016 docto
787 965 897 1016 homine
916 964 1050 1031 dignum!

66 1045 114 1095 14.
140 1042 196 1096 Sua
214 1043 287 1095 enim
300 1043 369 1095 vitia
388 1043 548 1110 insipientes
569 1047 598 1095 et
620 1061 697 1096 suam
712 1044 819 1110 eulpam
839 1044 868 1096 in
883 1047 1053 1095 senectutem

65 1123 221 1175 conferunt.
267 1122 348 1185 Quod
367 1139 424 1176 non
437 1123 554 1175 iaciebat
570 1123 602 1188 is,
619 1123 698 1190 eujus
711 1123 793 1174 modo
807 1123 975 1174 mentionem
988 1122 1050 1188 feei,

64 1201 193 1254 Ennius:

228 1291 298 1339 Sicut
310 1291 380 1339 fortis
392 1307 479 1353 equus,
491 1293 571 1354 spatio
582 1293 625 1353 qui
636 1308 700 1352 saepe
711 1308 828 1353 supremo

228 1355 296 1403 Vicit
307 1355 430 1416 Olympia,
441 1371 508 1404 nune
518 1357 587 1404 senio
599 1357 720 1404 eonieetu'
731 1357 843 1418 quiescit.

64 1481 140 1549 Equi
154 1480 233 1533 fortis
246 1484 275 1532 et
288 1479 398 1532 victoris
413 1480 547 1532 senectuti
560 1484 699 1548 comparat
714 1498 798 1533 suam.
837 1480 925 1544 Quem
938 1481 1051 1548 quidem

63 1561 150 1628 probe
164 1559 318 1611 meminisse
336 1559 458 1626 potestis.
502 1560 586 1612 Anno
599 1560 673 1610 enim
686 1559 887 1612 undevicesimo
907 1565 969 1627 pest
990 1561 1050 1628 ejus

63 1643 184 1692 mortem
204 1638 233 1690 hi
256 1638 394 1703 Consules,
417 1638 446 1691 T.
461 1637 633 1690 Flamininus
647 1642 675 1689 et
692 1637 744 1691 M)
754 1638 866 1704 Acilius,
883 1639 950 1691 faeti
960 1645 1049 1702 sunt;

63 1719 112 1770 ille
136 1722 230 1770 autem
254 1716 389 1784 Oaepione,
410 1721 438 1768 et
460 1717 588 1784 Philippo
610 1718 717 1782 iterum,
740 1716 904 1770 Consulibus
925 1723 1050 1771 mortuus

63 1802 107 1849 est
123 1815 129 1850 :
151 1813 237 1864 quum
251 1813 300 1863 ego
314 1795 434 1862 quidem,
450 1813 469 1848 v
482 1800 511 1848 et
531 1811 568 1848 tx
588 1812 674 1848 annos
687 1801 778 1863 natus,
794 1797 882 1864 legem
897 1797 1048 1850 Voconiam

63 1893 166 1944 magua
184 1893 250 1927 voee
268 1879 297 1926 et
315 1875 394 1926 bonis
412 1875 543 1927 lateribus
566 1873 715 1927 suasissem.
760 1877 856 1928 Annos
881 1891 938 1930 m
964 1881 1047 1928 natus

63 1956 122 2023 (tot
136 1953 210 2007 enim
224 1953 295 2005 vixit
308 1953 434 2022 Ennius),
447 1953 487 2006 ita
500 1954 604 2006 ferebat
618 1953 682 2020 duo,
696 1972 758 2021 quae
771 1955 890 2007 maxima
904 1960 1046 2023 putantur,

62 2050 158 2098 onera,
187 2036 377 2100 paupertatem
407 2037 435 2085 et
469 2036 647 2098 senectutem,
676 2037 709 2084 ut
743 2033 781 2085 eis
815 2051 892 2101 paene
919 2034 1049 2086 deleetari

63 2113 212 2165 videretur.
259 2113 303 2165 15.
336 2111 456 2178 Etenim,
482 2129 568 2179 quum
595 2112 764 2178 contemplor
791 2113 890 2178 anime,
917 2117 1050 2183 quattuor

63 2191 171 2259 reperio
199 2207 301 2256 causas,
328 2207 376 2242 cur
402 2194 527 2242 senectus
554 2190 652 2242 misera
677 2190 823 2242 videatur:
851 2209 943 2257 unam,
973 2193 1048 2260 qued

63 2273 162 2323 avocet
176 2269 286 2321 erebus
299 2268 443 2336 gerendis3
463 2269 586 2336 alteram,
602 2268 676 2336 quod
690 2285 787 2336 eorpus
799 2269 881 2321 faeiat
895 2269 1049 2335 infirmius;

62 2349 187 2414 tertiam,
213 2347 288 2415 quod
321 2348 411 2415 privet
437 2348 564 2399 omnibus
596 2347 652 2399 fere
675 2347 885 2415 voluptatibus;
910 2354 1046 2416 quartam,

63 2427 141 2496 quod
161 2426 236 2479 haud
254 2426 349 2494 procul
361 2425 433 2478 absit
446 2443 463 2478 a
476 2431 571 2479 morte.
629 2427 741 2492 Earum,
757 2426 780 2478 si
793 2427 890 2494 placet,
907 2445 1049 2482 causarum

63 2509 171 2574 quanta
184 2521 322 2572 quamque
336 2505 372 2556 sit
381 2504 459 2572 justa
471 2522 654 2573 unaquaeque,
669 2505 817 2559 videamus.

104 2585 158 2637 VI.
202 2584 228 2635 A
242 2584 323 2636 rebus
344 2583 469 2651 gerendis
490 2587 615 2636 senectus
636 2583 793 2636 abstrahit?
834 2583 962 2648 Quibus?
1001 2586 1047 2638 An

63 2664 107 2730 iis,
130 2679 193 2730 quae
214 2667 348 2730 geruntur
365 2662 516 2730 juventute
540 2667 568 2714 et
589 2662 712 2715 viribusl
752 2662 880 2716 Nullasne
902 2663 987 2732 igitur
1006 2683 1049 2718 res

64 2746 132 2794 sunt
167 2741 274 2808 seniles,
304 2758 377 2808 quae,
407 2741 452 2793 vel
485 2741 600 2793 infirmis
634 2741 800 2808 emporibus,
830 2743 921 2798 animo
955 2747 1049 2796 tamen

64 2820 315 2873 administrentm‘l
355 2819 434 2871 Nihil
461 2837 524 2887 ergo
551 2820 649 2887 agebat
673 2819 704 2882 Q.
729 2820 892 2873 Maximus?
921 2821 991 2874 nihil
1015 2822 1044 2875 L.

65 2899 191 2964 Paullus,
207 2903 373 2966 paterinus,
389 2898 488 2965 Scipio,
504 2915 578 2951 secer
591 2899 689 2966 optimi
702 2899 762 2966 viri,
780 2899 830 2951 filii
844 2899 919 2954 mcii
959 2901 1049 2954 Ceteri

65 2995 154 3044 senes,
170 2977 296 3044 Fabricii,
313 2977 396 3044 Curii,
412 2977 584 3043 Oenmeanii,
600 2994 687 3046 quum
701 2995 758 3030 rem
778 2979 915 3046 publicam
936 2981 1049 3032 consilio

65 3062 93 3109 et
129 3057 292 3110 auctoritate
325 3057 520 3122 defendebant,
549 3057 618 3108 nibil
648 3057 790 3123 agebant?
831 3059 875 3110 lt.
901 3059 946 3110 Ad
966 3060 1050 3126 Appii

66 3135 177 3188 Claudii
198 3140 368 3188 senectutem
381 3135 526 3188 accedebat
540 3135 633 3200 etiam,
649 3139 681 3186 ut
695 3153 782 3188 caecus
795 3142 866 3190 esset
880 3157 887 3201 ;
908 3143 1001 3190 tamen
1015 3139 1047 3204 is,

66 3232 153 3282 quum
187 3215 323 3266 sententia
349 3213 465 3266 Senatus
498 3213 642 3264 inclinaret
669 3214 705 3266 ad
731 3232 825 3281 peeem
852 3233 915 3268 eum
942 3216 1050 3283 Pyrrhe

66 3293 211 3360 foedusque
234 3291 396 3356 faciendum,
413 3309 469 3344 nen
489 3291 629 3344 dubitavit
653 3291 742 3345 dicere
758 3294 822 3360 illa,
844 3312 905 3362 quae
926 3295 1050 3348 versibus

68 3375 225 3437 persecutus
238 3375 280 3422 est
294 3371 420 3424 Ennius:

259 3486 313 3544 Quo
323 3486 393 3534 vobis
404 3489 507 3544 mentes,
519 3478 593 3534 rec'tae
604 3501 659 3548 quae
670 3491 735 3536 stare
746 3487 859 3536 solebant

260 3549 380 3606 Antehac,
392 3549 521 3598 dementes
532 3565 585 3597 sese
596 3550 686 3598 flexere
697 3551 762 3600 viaii

70 3669 211 3724 ceteraque
224 3655 381 3723 gravissime
393 3675 400 3720 ς
420 3659 517 3708 notum
531 3655 606 3708 enim
619 3655 697 3708 vobis
711 3673 818 3710 carmen
832 3660 893 3712 est:
914 3661 942 3711 et
955 3663 1036 3714 tame·

70 3735 153 3804 ipsius
166 3734 250 3804 Appii
269 3737 347 3787 extat
360 3735 454 3788 oratio.
487 3735 581 3802 Atque
594 3734 654 3787 haee
666 3735 713 3788 ille
727 3735 783 3804 egit
796 3741 900 3804 septem
914 3743 943 3790 et
956 3739 1012 3792 deca
