2436 4164
473 289 551 332 earo
571 289 686 331 maroa.
1030 277 1067 332 15

84 423 155 496 dixi,
181 445 317 481 senescere
338 445 374 492 se,
401 427 490 479 multa
512 426 600 479 indies
621 426 827 480 addiscentem:
858 443 913 495 qna
926 427 1068 496 voluptate

84 507 172 561 animi
184 507 262 559 nulla
275 511 347 560 certe
360 510 451 573 potest
464 522 521 557 essa
534 506 627 573 major.

127 586 192 640 XV.
237 588 282 639 51.
307 585 398 637 Venio
410 601 484 636 nunc
497 584 532 636 ad
543 585 698 651 voluptates
710 584 897 651 agricolarum,
908 585 1008 652 quibus
1018 603 1067 653 ego

84 665 283 718 incredibiliter
296 664 418 716 delector
429 683 436 726 ;
456 679 518 730 quae
532 680 582 714 nec
595 663 652 714 ulla
671 663 860 730 impediuntur
873 667 1022 730 senectute,
1038 671 1067 716 et

85 744 156 796 mihi
177 744 213 796 ad
237 742 367 810 sapientis
379 741 466 794 vitam
487 742 609 808 proxime
624 741 754 794 videntur
776 742 908 794 accedere.
953 741 1066 796 Habent

85 824 161 875 enim
171 823 305 875 rationem
319 838 381 873 cum
393 824 476 886 terra,
492 836 554 886 quae
567 837 708 887 nunquam
727 825 834 872 recusat
847 820 1000 888 imperium,
1016 839 1066 874 nec

85 917 211 970 unquam
235 901 292 953 sine
314 917 397 952 usura
420 897 520 964 reddit,
536 898 611 966 quod
632 899 756 965 accepit:
790 899 838 951 sed
861 899 928 952 alias
950 900 1063 966 minore,

85 982 248 1048 plerumque
271 979 374 1046 majore
396 995 458 1030 cum
484 978 584 1030 fenore.
629 976 793 1045 Quanquam
814 994 858 1030 me
876 978 987 1045 quidem
1010 996 1065 1030 non

84 1062 192 1126 fructus
205 1059 295 1124 modo,
308 1057 355 1109 sed
369 1057 452 1109 etiam
460 1056 545 1123 ipsius
554 1060 635 1108 terrae
648 1056 690 1108 vis
702 1073 734 1108 ac
747 1061 845 1109 natura
852 1057 970 1109 delectat
984 1076 989 1110 :
1004 1074 1066 1125 quae

85 1156 173 1206 quum
186 1137 288 1205 gremio
300 1136 407 1188 mollito
421 1152 452 1188 ac
465 1135 577 1187 subacto
587 1151 679 1186 semen
688 1151 811 1199 sparsum
821 1136 937 1203 excepit,
947 1136 1065 1203 primum

83 1218 114 1269 id
141 1221 305 1269 occaecatum
331 1214 460 1276 cohibet;
501 1230 535 1264 ex
563 1229 619 1280 quo
652 1214 765 1279 occatio,
795 1231 856 1281 qum
889 1213 941 1267 hoo
973 1216 1063 1281 efficit,

84 1297 228 1348 nominata
254 1298 317 1356 est;
350 1293 450 1346 deinde
473 1292 641 1359 tepefactum
664 1309 764 1360 vapore
786 1297 815 1345 et
836 1309 990 1362 compressu
1014 1311 1064 1346 suo

83 1373 214 1439 diffindit,
230 1378 259 1425 et
280 1373 353 1424 elicit
371 1371 575 1424 herbescentem
596 1387 631 1422 ex
655 1388 687 1424 eo
700 1371 890 1436 viriditatem
911 1389 982 1439 quse,
999 1373 1065 1425 nixa

83 1453 161 1504 fibris
184 1452 318 1519 stirpium,
339 1451 439 1502 sensim
462 1449 601 1515 adolescit,
626 1449 770 1517 culmoque
788 1454 877 1502 erecta
899 1451 1062 1518 geniculato,

83 1532 192 1599 vaginis
202 1531 261 1598 jam
274 1531 351 1596 qussi
360 1529 508 1597 pubescens
521 1527 671 1580 includitur
685 1548 691 1591 ;
712 1529 837 1596 equibus
847 1546 933 1596 quum
943 1531 1061 1597 emersit,

85 1609 182 1662 fundit
195 1611 310 1675 frugem,
326 1608 391 1675 spici
404 1607 499 1659 ordine
513 1611 654 1672 structam,
672 1612 701 1660 et
714 1613 809 1660 contra
821 1608 914 1660 avium
927 1608 1063 1660 minorum

85 1705 193 1740 morsus
207 1687 331 1738 munitur
342 1686 414 1738 vallo
428 1686 579 1738 aristarum.
633 1687 681 1739 52.
704 1685 777 1748 Quid
790 1703 839 1754 ego
852 1687 952 1739 vitium
975 1692 1059 1754 ortus,

85 1771 171 1830 satus,
196 1766 363 1818 incrementa
395 1765 621 1817 commemoremi
674 1764 773 1818 Satiari
799 1765 980 1818 delectatione
1006 1783 1063 1819 non

83 1861 215 1912 possnm;
243 1848 276 1896 nt
298 1861 366 1896 mea
390 1843 537 1896 senectutis
550 1844 700 1911 requietem
714 1845 997 1912 oblectammtnmque
1014 1862 1063 1898 no·

84 1923 172 1976 scatia
217 1923 323 1976 Omitto
349 1922 422 1974 enim
448 1923 505 1974 vim
525 1922 613 1989 ipsam
635 1923 767 1990 omnium,
790 1941 852 1992 quae
869 1928 1062 1991 generanture

84 2007 175 2055 terra:
209 2019 271 2070 quae
285 2019 319 2054 ex
331 2001 376 2053 fici
389 2001 499 2053 tantulo
518 2017 603 2068 grano
624 2006 672 2053 aut
696 2019 731 2053 ex
754 2003 826 2054 acini
839 2002 951 2054 vinaceo
965 2007 1014 2055 aut
1027 2021 1062 2056 ex

84 2085 234 2134 ceterarum
252 2082 363 2148 frugum
386 2096 417 2132 ac
440 2079 567 2147 stirpium
590 2080 779 2132 minutissimis
798 2080 947 2133 seminibus
969 2085 1062 2134 tantos

83 2165 195 2212 truncos
207 2177 350 2226 ramosque
363 2163 485 2226 procreet
500 2177 505 2211 :
534 2159 661 2225 malleoli,
674 2159 786 2225 plantae,
801 2163 947 2226 sarmenta,
962 2159 1060 2212 vivira-

83 2239 167 2305 dices,
182 2239 351 2306 propagines,
367 2253 459 2288 nonne
480 2254 512 2288 ea
535 2237 665 2303 efficiunt,
681 2242 714 2289 ut
727 2237 850 2304 quemvis
863 2253 926 2290 cum
946 2238 1061 2292 admira-

83 2317 159 2370 tione
173 2317 309 2370 delectent
321 2314 331 2367 i
370 2314 444 2366 Vitis
458 2315 578 2383 quidem,
594 2333 655 2382 quae
669 2320 768 2368 natura
781 2316 882 2368 caduca
894 2320 945 2383 est,
961 2322 998 2384 et,
1008 2319 1062 2370 nisi

83 2396 156 2448 fulta
168 2395 214 2462 sit,
229 2395 265 2448 ad
278 2400 380 2446 terram
398 2394 495 2460 fertur,
511 2393 613 2460 eadem,
630 2399 663 2446 ut
682 2411 710 2446 se
732 2395 826 2462 erigat,
842 2395 980 2448 claviculis
993 2398 1058 2463 suis,

83 2475 162 2540 quasi
194 2474 328 2538 manibus,
364 2471 500 2539 quidquid
532 2477 575 2524 est
610 2477 698 2539 nacta,
729 2473 937 2540 complectitur3
977 2492 1061 2542 quam

83 2556 237 2620 serpentem
250 2550 396 2617 multiplici
409 2550 487 2616 lapsu
508 2555 536 2603 et
558 2551 680 2617 erratico,
697 2552 769 2603 ferro
790 2557 944 2619 amputans,
957 2559 1061 2607 coercet

83 2647 127 2682 ars
140 2630 325 2698 agricolarum,
340 2646 376 2680 ne
389 2628 515 2681 silvescat
527 2629 671 2682 sarmentis
680 2634 709 2682 et
722 2630 751 2681 in
761 2647 854 2682 omnes
866 2636 957 2698 partes
976 2632 1061 2686 nimia

83 2709 224 2762 fundatur.
270 2710 315 2761 53.
340 2707 439 2774 Itaque
463 2707 575 2759 ineunte
589 2724 652 2759 vere
675 2708 705 2760 in
728 2708 770 2774 iis,
786 2725 849 2776 quae
866 2709 960 2762 relicta
982 2715 1057 2777 sunt,

84 2787 191 2839 exsistit
216 2791 349 2854 tanquam
372 2786 408 2838 ad
431 2785 560 2838 articulos
583 2791 782 2838 sarmentorum
805 2804 844 2853 ea,
869 2804 931 2855 quae
954 2805 1060 2855 gemma

84 2865 185 2917 dicitur
198 2884 205 2928 ;
225 2883 242 2917 a
255 2881 310 2932 qua
323 2863 412 2916 oriens
425 2881 480 2916 uva
493 2881 550 2916 sese
563 2864 684 2916 ostendit
696 2883 703 2927 ;
723 2881 795 2932 quae,
807 2869 836 2917 et
849 2881 928 2918 succo
940 2870 1021 2920 terrae
1031 2873 1060 2920 et

84 2944 171 2996 calore
192 2943 256 2995 solis
279 2959 433 3010 augescens,
458 2942 547 3010 primo
573 2946 615 2994 est
641 2943 784 3009 peracerba
810 2947 931 3011 gustatu,
960 2945 1059 2998 deinde

84 3025 222 3073 maturata
244 3020 382 3085 dulcescit,
413 3021 568 3087 vestitaque
591 3021 735 3088 pampinis,
760 3038 810 3074 nec
833 3023 940 3076 modico
965 3028 1059 3092 tepore

85 3104 167 3166 caret,
183 3103 212 3150 et
224 3098 324 3150 nimios
336 3098 400 3150 solis
413 3098 538 3150 defendit
560 3099 675 3152 ardores.
731 3099 792 3162 Qua
813 3101 881 3168 quid
897 3106 1059 3169 potestesse

85 3195 171 3244 quum
183 3177 277 3229 fructu
297 3176 396 3242 laetius,
412 3181 474 3228 tum
497 3177 628 3244 adspectu
648 3177 810 3244 pulchrius?
849 3179 935 3248 Cujus
948 3181 1059 3247 quidem

84 3272 139 3308 non
151 3254 257 3307 utilitas
270 3271 314 3306 me
327 3255 425 3320 solum,
441 3258 473 3306 ut
486 3259 551 3308 ante
564 3255 632 3322 dixi,
645 3257 692 3308 sed
705 3257 788 3309 etiam
799 3258 907 3310 cultura
920 3263 948 3310 et
960 3262 1060 3312 natura

84 3335 141 3402 ipsa
154 3333 273 3385 delectat
287 3351 292 3385 :
313 3333 540 3384 adminiculorum
550 3334 667 3399 ordines,
677 3335 798 3401 capitum
808 3336 923 3403 jugatio,
936 3336 1059 3404 religatio

85 3417 112 3464 et
124 3411 282 3479 propagatio
295 3411 404 3477 vitium,
423 3415 675 3479 sarmentorumque
699 3429 740 3478 ea,
756 3430 839 3480 quam
861 3413 929 3480 dixi,
944 3414 1060 3469 aliorum

85 3488 245 3558 amputatio,
274 3489 389 3540 aliorum
414 3489 552 3542 immissio.
611 3490 685 3550 Quid
711 3507 762 3557 ego
783 3491 963 3558 irrigationes,
992 3495 1060 3561 quid

84 3569 214 3622 fossiones
239 3567 297 3634 agri
320 3566 599 3635 repastinationesque
622 3568 767 3635 proferam,
796 3570 896 3637 quibus
920 3571 952 3622 dt
971 3572 1060 3626 multo

84 3653 155 3700 terra
174 3645 337 3698 fecundiori
377 3647 423 3697 54.
458 3644 531 3708 Quid
552 3646 587 3697 de
610 3646 732 3698 utilitate
754 3647 852 3714 loquar
874 3651 1061 3704 stercorandii

84 3726 150 3779 Dixi
162 3725 193 3777 in
206 3739 238 3776 eo
251 3723 329 3790 libro,
346 3739 428 3791 quem
441 3724 475 3776 de
488 3723 569 3776 rebus
581 3724 689 3776 rrrstiois
702 3725 803 3793 scripsi.
847 3727 889 3780 De
899 3745 955 3795 qua
964 3728 1058 3782 doctr
