2456 4162
146 238 201 294 118
381 252 415 293 u.
438 251 547 293 runnu
568 250 736 292 cronacum
757 250 890 292 nnurua.

42 393 47 406 ¹
144 393 277 460 cupimus,
292 392 345 446 tibi
358 397 484 461 optamus
497 410 557 444 eam
570 409 628 444 rem
641 391 787 459 publicam,
803 392 833 444 in
847 409 902 460 qua
915 392 1033 444 duorum
1049 411 1129 462 gene·

143 489 205 523 rum
228 473 455 539 amplissimorum
477 489 608 524 renovare
628 471 787 523 memoriam
809 475 893 538 atquo
913 489 1011 539 augere
1031 473 1125 540 possis.

144 551 234 602 Tuum
266 552 339 603 enim
365 551 466 617 forum,
495 555 577 603 tuum
603 554 662 604 erat
689 550 759 602 illud
787 551 972 615 curriculum
1003 556 1036 604 tu
1063 553 1130 604 illuc

143 647 256 682 veneras
278 647 360 697 nnus,
385 632 433 698 qui
456 647 511 682 non
534 630 657 696 linguam
680 629 762 682 modo
788 630 905 682 acuisses
932 631 1129 684 exercitatione

144 708 262 776 dicendi,
285 711 333 762 sed
357 715 385 762 et
408 711 495 778 ipsam
518 709 703 776 eloquentiam
726 709 958 774 locupletavisses
971 697 1129 778 g'raviorum

144 789 245 841 artium
258 789 451 855 instrumento,
468 793 496 840 et
509 788 610 840 eisdem
630 787 735 840 artibus
749 787 832 840 decus
846 805 926 840 omne
939 789 1051 842 virtutis
1065 807 1128 842 oum

144 885 250 920 summa
271 868 435 936 eloquentiae
455 868 535 921 laude
555 865 701 938 junxisses
747 869 812 922 332.
837 867 881 920 Ex
901 873 929 920 te
951 869 1054 936 duplex
1078 887 1129 922 noe

144 947 228 999 afficit
241 947 405 1014 sollicitudo,
422 948 496 1015 quod
516 951 544 999 et
564 946 622 1013 ipse
635 963 664 998 re
677 946 786 1014 publica
799 964 889 1000 careas
903 951 931 999 et
943 947 991 1000 illa
1004 953 1040 1000 te.
1086 949 1127 1001 Tu

144 1030 245 1093 tamen,
262 1027 313 1079 etsi
337 1043 447 1080 cursum
467 1025 570 1093 ingenii
591 1025 642 1092 tui,
659 1025 756 1094 Brute,
771 1027 871 1095 premit
891 1027 950 1079 haec
969 1027 1128 1095 importuna

144 1105 235 1156 clades
259 1106 387 1172 civitatis,
404 1106 513 1158 contine
533 1109 562 1157 te
575 1105 605 1156 iu
618 1105 674 1156 tuis
694 1107 859 1173 perennibus
879 1106 987 1172 studiis,
1003 1111 1032 1158 et
1053 1109 1127 1160 effice

144 1184 181 1248 id,
199 1185 273 1252 quod
294 1185 353 1252 jam
376 1185 582 1253 propemodum,
604 1184 649 1236 vel
670 1185 751 1251 plano
774 1185 866 1252 potius
888 1185 1022 1253 effeceras,
1044 1190 1078 1238 ut
1098 1191 1126 1239 te

144 1264 240 1331 eripias
262 1282 296 1316 ex
320 1281 360 1331 ea,
385 1282 468 1332 quam
492 1281 541 1331 ego
565 1264 687 1330 congessi
709 1263 739 1316 in
762 1264 836 1316 huno
860 1281 1020 1332 sermonem,
1044 1265 1127 1319 turba

143 1347 325 1409 patronolum.
370 1343 430 1396 Nec
452 1343 525 1396 enim
545 1343 623 1395 decet
645 1345 684 1410 te,
699 1347 827 1396 ornatum
846 1344 989 1397 uberrimis
1009 1345 1123 1412 artibus,

143 1439 211 1488 quas
224 1440 286 1475 cum
300 1424 382 1476 domo
395 1417 504 1476 haurire
517 1440 573 1474 non
587 1439 688 1490 posses,
703 1423 866 1476 arcessivisti
879 1441 914 1483 ex
926 1423 993 1476 urbe
1007 1441 1048 1491 ea,
1063 1441 1125 1492 quas

142 1501 240 1554 domus
260 1508 302 1555 est
322 1519 427 1570 semper
439 1503 533 1554 habita
546 1501 687 1568 doctrinae,
702 1502 839 1554 numerari
858 1502 887 1554 in
901 1503 984 1570 vulgo
997 1508 1125 1571 patrono·

142 1598 210 1635 rum.
255 1583 330 1635 Nam
343 1583 411 1651 quid
425 1587 453 1634 te
467 1581 588 1634 exercuit
602 1581 771 1648 Pammenes,
787 1581 830 1633 vir
842 1581 923 1649 longe
936 1582 1125 1650 eloquentissi-

141 1677 203 1712 mus
214 1661 346 1715 Graeciae?
366 1661 430 1729 quid
446 1662 493 1713 illa
506 1665 585 1712 vetus
598 1661 735 1712 academia
747 1665 831 1728 atque
845 1661 903 1729 ejus
916 1661 993 1714 heres
1003 1661 1123 1730 Aristus,

142 1739 238 1807 hospes
262 1741 452 1793 etfamiliaris
475 1757 561 1805 meus,
588 1739 611 1790 si
635 1739 746 1806 quidem
773 1740 874 1792 similes
900 1741 1011 1808 majoris
1038 1743 1126 1809 partis

142 1824 281 1871 oratorum
304 1819 393 1874 futuri
416 1819 532 1872 sumusl
573 1821 637 1872 333.
663 1819 764 1871 Nonne
778 1819 922 1886 cernimus,
938 1820 987 1872 vix
1009 1820 1125 1888 singulis

141 1899 270 1950 aetatibus
283 1899 363 1952 binos
376 1903 496 1952 oratores
509 1897 659 1950 laudabiles
670 1898 823 1950 constitisse
835 1898 845 1952 l
886 1898 974 1951 Galba
984 1899 1039 1952 fuit
1050 1900 1125 1954 inter

141 1981 184 2028 tot
198 1979 316 2046 aequales
330 1995 402 2031 unus
416 1978 559 2044 excellens,
575 1977 628 2043 cui,
645 1994 727 2044 quem
740 1977 776 2030 ad
789 1978 902 2030 modum
915 1979 1078 2046 accepimus,
1096 1985 1125 2033 et

141 2055 209 2109 (lato
233 2058 347 2111 cedebat
369 2058 466 2124 senior,
483 2062 511 2110 et
535 2056 583 2124 qui
606 2056 774 2123 temporibus
797 2056 851 2109 illis
875 2062 957 2110 aetate
980 2058 1125 2112 inferiores

140 2135 261 2204 fuerunt,
279 2138 398 2206 Lepidus
419 2143 519 2205 postea,
537 2136 636 2188 deinde
657 2135 849 2188 Carbo-nam
869 2135 985 2190 Gracchi
1008 2137 1039 2189 in
1060 2155 1124 2192 con·

141 2215 261 2268 tionibus
284 2218 373 2270 multo
396 2217 516 2269 faciliore
543 2219 571 2267 et
594 2215 720 2267 liberiore
742 2232 839 2282 genere
861 2216 980 2282 dicendi,
1005 2234 1123 2284 quorum

140 2299 233 2346 tamen
254 2296 375 2364 ipsorum
396 2296 431 2348 ad
455 2299 566 2348 aetatem
587 2295 646 2346 laus
670 2293 834 2362 eloquentiae
857 2295 977 2362 perfecta
997 2296 1125 2350 nondum

139 2373 382 2441 fuit—Antonius,
406 2375 525 2440 Crassus,
541 2377 602 2440 post
624 2373 714 2440 Cotta,
737 2373 881 2441 Sulpicius,
904 2374 1121 2430 Hortensius-.

140 2451 219 2504 Nihil
233 2453 293 2505 dico
307 2453 444 2521 amplius:
465 2457 577 2504 tautum
590 2451 660 2517 dioc,
677 2453 700 2504 si
719 2452 788 2504 mihi
807 2453 955 2520 accidisset,
973 2458 1006 2506 ut
1026 2471 1124 2508 nume·

138 2547 212 2582 rerer
234 2531 264 2582 in
287 2532 391 2599 multis,
408 2531 431 2584 ei
454 2547 567 2599 operosa
588 2534 640 2582 est
653 2531 823 2584 concursatio
846 2533 932 2602 magis
955 2537 1125 2602 opportuno·

138 2625 209 2677 mm,
225 2608 243 2646 ἦ
263 2609 282 2644 ἦ
302 2611 320 2647 ⁴}
