2436 4164
537 297 668 342 LAELIUS.
1052 291 1090 348 35

109 439 202 494 hostes
215 457 244 493 se
257 441 385 507 contulit,
400 457 496 508 poenas
508 440 677 507 reipublicae
690 457 784 508 graves
794 441 938 509 justasque
951 433 1089 510 persolvit

109 519 198 573 Nulla
220 524 263 572 est
285 520 370 587 igitur
389 519 529 572 excusatio
548 520 700 587 peccati‚si
720 519 800 572 amici
823 537 903 573 causa
922 522 1092 588 peccaveris;

108 615 184 666 nm,
200 616 287 666 quum
300 597 469 651 conciliatrix
487 598 615 650 amicitiae
628 598 740 650 virtutis
761 598 852 666 opinio
874 599 966 666 fuerit,
983 600 1091 654 difficile

107 683 151 730 est
179 677 328 730 amicitiam
356 694 475 743 manere,
499 677 522 729 si
545 693 562 730 a
584 677 688 730 virtute
711 676 848 731 defeceris.
893 680 938 732 38.
967 678 1092 742 Quodsi

107 761 215 809 rectum
235 755 420 822 statuerimus,
436 757 480 808 vel
501 756 647 808 concedere
667 755 770 822 amicis,
785 756 921 824 quidquid
934 757 1030 823 velint,
1046 758 1091 810 vel

106 837 254 904 impetrare
274 835 309 888 ab
329 835 377 901 eis,
393 835 528 903 quidquid
541 834 666 901 velimus,
681 835 802 902 perfecta
826 835 937 904 quidem
958 835 1091 904 sapientia

107 914 132 966 si
145 915 239 980 simus,
254 914 325 967 nihil
343 914 444 966 habeat
456 931 499 965 res
511 913 573 966 vitii
586 933 591 967 :
612 913 660 966 sed
680 913 818 981 loquimur
831 915 865 966 de
878 915 911 966 iis
924 915 1026 982 amicis,
1042 916 1091 983 qui

107 997 175 1046 ante
202 994 295 1046 oculos
321 996 397 1059 sunt,
420 1009 489 1060 quos
514 992 643 1059 vidimus,
665 996 714 1045 aut
741 993 776 1044 de
802 993 902 1061 quibus
932 995 1090 1047 memoriam

106 1072 269 1139 accepimus,
289 1076 338 1124 aut
359 1088 428 1139 quos
450 1071 529 1124 novit
552 1071 610 1123 vita
632 1072 791 1124 communis
835 1072 879 1124 Ex
901 1073 953 1124 hoc
976 1090 1090 1126 numero

105 1151 189 1203 nobis
201 1151 326 1218 exempla
339 1150 471 1202 sumenda
480 1153 546 1202 sunt
558 1168 564 1202 :
585 1153 614 1202 et
626 1167 721 1202 eorum
735 1150 846 1218 quidem
856 1152 984 1218 maxime,
996 1153 1044 1220 qui
1054 1153 1090 1205 ad

105 1230 269 1298 sapientiam
288 1229 410 1296 proxime
423 1229 564 1282 accedunt.
609 1230 654 1282 39.
678 1228 812 1282 Videmus
824 1229 932 1298 Papum
945 1231 1091 1288 AEmih'um

107 1309 137 1361 C.
156 1308 274 1361 Luscino
300 1308 460 1360 familiarem
483 1307 576 1372 fuisse,
599 1306 648 1376 (sic
669 1323 686 1360 a
708 1309 831 1375 patribus
854 1309 1028 1380 accepimus)
1048 1310 1090 1362 bis

105 1405 165 1440 una
177 1387 317 1453 Consules,
333 1390 362 1439 et
381 1387 496 1453 collegas
513 1387 543 1438 in
557 1385 678 1439 Censura
692 1405 698 1439 ι
718 1390 822 1439 tumet
836 1405 899 1439 cum
911 1388 954 1454 iis,
970 1393 998 1440 et
1017 1389 1091 1441 inter

107 1483 147 1533 se,
170 1465 406 1534 conjunctissimos
432 1465 514 1518 fuisse
541 1464 593 1518 M.'
617 1465 730 1518 Curium
757 1469 786 1517 et
812 1466 851 1518 Ti.
877 1465 1088 1534 Coruncanium,

108 1546 246 1598 memoriae
266 1545 406 1612 proditum
419 1548 467 1597 est.
513 1543 603 1611 Igitur
615 1561 650 1595 ne
666 1544 797 1612 suspicari
810 1544 921 1611 quidem
934 1562 1087 1612 possumus,

107 1641 267 1692 quenquam
280 1624 378 1676 horum
397 1623 433 1674 ab
446 1623 532 1676 amico
546 1623 687 1690 quidpiam
709 1623 890 1688 contendisse,
907 1623 981 1691 quod
995 1629 1090 1677 contra

106 1702 202 1768 iidem,
218 1707 313 1755 contra
329 1701 534 1770 jusjurandum,
550 1705 645 1754 contra
665 1702 873 1769 rempublicam
894 1706 971 1755 esset.
1015 1702 1090 1755 Nam

108 1782 162 1834 hoc
175 1782 286 1849 quidem
306 1781 335 1832 in
348 1781 450 1833 talibus
463 1780 528 1832 viris
541 1779 609 1848 quid
629 1779 731 1832 attinet
744 1780 842 1846 dicere,
858 1781 881 1833 si
895 1781 1088 1848 contendisset,

107 1861 320 1928 impetraturum
343 1876 399 1911 non
420 1859 525 1923 fuisse;
545 1875 632 1926 quum
654 1859 697 1911 illi
717 1860 880 1912 sanctissimi
901 1860 954 1912 viri
976 1861 1087 1926 fuerint,

108 1957 188 2006 aeque
202 1943 295 1992 autem
308 1939 386 1990 nefas
399 1937 444 2004 sit,
459 1937 515 1990 tale
528 1936 633 2004 aliquid
647 1941 675 1990 et
688 1937 776 1990 facere
789 1944 922 2005 rogatum,
936 1942 964 1990 et
978 1939 1092 2006 rogaret

108 2020 150 2071 At
176 2035 241 2070 vero
267 2017 306 2070 'Pi
333 2016 486 2069 Gracchum
515 2016 700 2085 sequebantur
730 2015 758 2069 C.
783 2016 880 2083 Carbo,
907 2017 934 2070 C.
958 2017 1036 2084 Cato,
1062 2022 1090 2070 et

108 2096 223 2149 minime
235 2101 304 2148 tunc
317 2095 428 2164 quidem
442 2094 522 2147 Caius
535 2095 628 2162 irater,
643 2111 718 2147 nunc
730 2094 803 2146 idem
816 2095 967 2148 acerrimus.

150 2175 218 2228 XII.
243 2177 289 2227 40.
313 2174 383 2226 Hoec
405 2173 490 2242 igitur
515 2173 561 2226 lex
581 2173 611 2225 in
637 2172 756 2225 amicitia
779 2173 925 2240 sanciatur,
947 2177 981 2226 ut
1000 2191 1091 2242 neque

108 2270 236 2322 rogemus
256 2271 300 2306 res
323 2257 426 2320 turpes,
442 2269 493 2305 nec
515 2252 647 2305 faciamus
666 2251 761 2319 rogati.
806 2251 903 2319 Turpis
916 2253 990 2304 enim
1010 2270 1090 2305 excu-

108 2333 181 2385 satio
195 2337 237 2384 est
256 2336 285 2384 et
306 2332 417 2384 minime
438 2331 603 2398 accipienda,
619 2347 705 2398 quum
724 2331 754 2382 in
773 2331 868 2383 ceteris
889 2331 1014 2399 peccatis,
1029 2335 1092 2384 tum

109 2412 135 2463 si
158 2411 219 2479 quis
243 2414 339 2464 contra
361 2427 418 2462 rem
440 2410 577 2477 publicam
597 2426 625 2461 se
645 2409 725 2462 amici
748 2425 827 2462 causa
846 2410 940 2462 fecisse
959 2411 1086 2463 fateatur.

108 2490 222 2542 Etenim
242 2507 275 2542 eo
295 2489 364 2556 loco,
379 2489 469 2541 Fanni
482 2492 511 2541 et
525 2488 655 2554 Scaevola,
670 2488 753 2541 locati
766 2505 870 2555 sumus,
885 2493 918 2541 ut
939 2505 989 2541 nos
1010 2489 1091 2556 longe

109 2569 262 2636 prospicere
288 2572 414 2636 oporteat
436 2567 545 2620 futuros
566 2583 643 2619 casus
665 2567 705 2619 rei
727 2566 851 2634 publicae,
895 2567 1015 2620 Deflexit
1031 2567 1092 2635 jam

110 2647 315 2715 aliquantulum
328 2647 364 2699 de
377 2647 465 2714 spatio
478 2646 668 2712 curriculoque
681 2645 850 2697 consuetudo
863 2645 1005 2713 majorum.
1041 2648 1086 2699 41.

111 2726 155 2779 Ti.
170 2725 307 2779 Gracchus
336 2742 450 2793 regnum
477 2741 607 2791 occupare
627 2728 741 2776 conatus
761 2727 823 2787 est;
853 2723 898 2776 vel
923 2723 1048 2790 regnavit
1068 2724 1091 2777 ia

111 2804 224 2871 quidem
244 2821 344 2872 paucos
364 2821 476 2856 menses.
520 2803 598 2854 Num
619 2802 686 2870 quid
709 2802 796 2854 simile
817 2802 934 2869 populus
950 2801 1092 2856 Romamn

111 2883 237 2936 audierat
259 2887 308 2935 aut
325 2882 452 2935 videratl
492 2881 577 2934 Hunc
589 2881 673 2933 etiam
691 2884 882 2948 postmortem
903 2879 990 2933 secuti
1012 2881 1092 2934 amici

111 2966 141 3014 et
161 2962 316 3029 propinqui,
332 2961 400 3029 quid
420 2961 450 3012 in
464 2960 495 3012 P.
513 2959 638 3027 Scipione
659 2959 806 3024 effecerint,
822 2958 880 3010 sine
900 2958 1016 3012 lacrimis
1035 2977 1092 3012 non

112 3057 184 3108 queo
207 3040 302 3094 dicere.
347 3040 421 3092 Nam
434 3040 594 3105 Carbonem,
609 3054 720 3106 quoquo
743 3036 825 3090 modo
847 3038 996 3105 potuimus,
1011 3055 1091 3105 prop·

113 3123 157 3172 ter
175 3123 313 3177 recentem
338 3135 449 3186 poenam
475 3118 513 3171 Ti.
532 3116 657 3184 Cracchi,
679 3116 879 3180 sustinuimus,
899 3115 933 3168 de
954 3116 982 3170 C.
999 3119 1091 3168 autem

114 3197 231 3250 Gracchi
250 3197 394 3250 tribunatu
407 3196 475 3264 quid
495 3199 659 3263 exspectem,
674 3211 730 3247 non
743 3195 811 3248 libet
824 3194 957 3262 augurari
1002 3193 1092 3261 Serpit

114 3276 214 3328 deinde
236 3293 289 3342 res,
304 3292 366 3344 quae
388 3275 534 3343 proclivius
555 3274 590 3326 ad
612 3273 768 3340 perniciem,
784 3289 870 3340 quum
893 3272 976 3324 semel
996 3272 1088 3339 coepit,

115 3355 225 3408 labitur.
270 3354 386 3420 Videtis,
403 3354 433 3405 in
453 3353 555 3406 tabella
573 3353 632 3420 jam
654 3356 719 3404 ante
733 3355 836 3418 quauta
856 3351 892 3403 sit
913 3351 985 3402 facta
1005 3351 1090 3410 labes,

114 3433 204 3502 primo
225 3433 342 3486 Gabinia
364 3433 431 3500 lege,
447 3432 558 3484 biennio
571 3435 665 3483 autem
682 3434 753 3498 post,
769 3428 867 3481 Cassia.
911 3428 1013 3482 Videre
1035 3429 1044 3460 :

115 3511 212 3565 videor
224 3513 356 3580 populum
369 3529 386 3564 a
399 3511 502 3564 Senatu
516 3509 693 3577 disjunctum,
709 3507 896 3560 multitudinis
916 3507 1010 3560 arbitri

115 3591 249 3643 mximas
269 3591 319 3658 agi.
363 3590 460 3642 Plures
481 3589 553 3642 enim
566 3589 681 3653 discent,
697 3585 927 3654 quemadmodum
942 3587 996 3639 haec

117 3685 202 3736 quam
214 3669 444 3737 quemadmodum
453 3669 497 3720 his
509 3667 658 3720 resistatur.
703 3667 750 3718 42,
771 3664 907 3729 Quorsum
920 3665 992 3718 hnc*

117 3764 177 3801 sine
200 3749 279 3801 sociis
298 3765 380 3800 nemo
400 3747 551 3816 quidquam
574 3745 629 3798 tale
652 3748 773 3798 conatur.
817 3743 985 3813 Praecipiend
