<?xml version="1.0" encoding="UTF-8"?>
<!DOCTYPE html PUBLIC "-//W3C//DTD XHTML 1.0 Transitional//EN"
    "http://www.w3.org/TR/xhtml1/DTD/xhtml1-transitional.dtd">
<html xmlns="http://www.w3.org/1999/xhtml" xml:lang="en" lang="en">
 <head>
  <title>
</title>
<meta http-equiv="Content-Type" content="text/html;charset=utf-8" />
  <meta name='ocr-system' content='tesseract 3.04.00' />
  <meta name='ocr-capabilities' content='ocr_page ocr_carea ocr_par ocr_line ocrx_word'/>
</head>
<body>
  <div class='ocr_page' id='page_1' title='image "./catomajorlacliu00cicegoog_0093.png"; bbox 0 0 2436 4164; ppageno 0'>
   <div class='ocr_carea' id='block_1_1' title="bbox 133 280 799 336">
    <p class='ocr_par' dir='ltr' id='par_1_1' title="bbox 133 280 799 336">
     <span class='ocr_line' id='line_1_1' title="bbox 133 280 799 336; baseline -0.009 0"><span class='ocrx_word' id='word_1_1' title='bbox 133 280 172 336; x_wconf 91' lang='lat'><strong>80</strong></span> <span class='ocrx_word' id='word_1_2' title='bbox 445 289 471 330; x_wconf 84' lang='lat' dir='ltr'><strong>n</strong></span> <span class='ocrx_word' id='word_1_3' title='bbox 502 289 611 330; x_wconf 78' lang='lat' dir='ltr'><strong>ranan</strong></span> <span class='ocrx_word' id='word_1_4' title='bbox 631 288 799 330; x_wconf 81' lang='lat' dir='ltr'><strong>arceamus</strong></span> 
     </span>
    </p>
   </div>
   <div class='ocr_carea' id='block_1_2' title="bbox 131 423 1117 654">
    <p class='ocr_par' dir='ltr' id='par_1_2' title="bbox 131 423 1117 654">
     <span class='ocr_line' id='line_1_2' title="bbox 132 423 1117 492; baseline -0.006 -10"><span class='ocrx_word' id='word_1_5' title='bbox 132 429 209 482; x_wconf 85' lang='lat' dir='ltr'><strong>satis.</strong></span> <span class='ocrx_word' id='word_1_6' title='bbox 252 429 315 481; x_wconf 83' lang='grc'>156.</span> <span class='ocrx_word' id='word_1_7' title='bbox 340 425 409 478; x_wconf 87' lang='lat' dir='ltr'><strong>Tum</strong></span> <span class='ocrx_word' id='word_1_8' title='bbox 424 425 536 486; x_wconf 78' lang='lat' dir='ltr'><strong>Brutus.</strong></span> <span class='ocrx_word' id='word_1_9' title='bbox 549 423 595 477; x_wconf 90' lang='lat' dir='ltr'><strong>Ita</strong></span> <span class='ocrx_word' id='word_1_10' title='bbox 607 441 726 492; x_wconf 87' lang='lat' dir='ltr'><strong>prorsus,</strong></span> <span class='ocrx_word' id='word_1_11' title='bbox 741 423 840 492; x_wconf 88' lang='lat' dir='ltr'><strong>inquit,</strong></span> <span class='ocrx_word' id='word_1_12' title='bbox 854 428 882 476; x_wconf 91' lang='lat' dir='ltr'><strong>et</strong></span> <span class='ocrx_word' id='word_1_13' title='bbox 892 427 973 476; x_wconf 87' lang='lat' dir='ltr'><strong>antea</strong></span> <span class='ocrx_word' id='word_1_14' title='bbox 983 424 1117 492; x_wconf 86' lang='lat' dir='ltr'><strong>putabam</strong></span> 
     </span>
     <span class='ocr_line' id='line_1_3' title="bbox 131 501 1117 580; baseline -0.005 -21"><span class='ocrx_word' id='word_1_15' title='bbox 131 505 266 560; x_wconf 88' lang='lat' dir='ltr'><strong>-audivi</strong></span> <span class='ocrx_word' id='word_1_16' title='bbox 278 505 351 558; x_wconf 88' lang='lat' dir='ltr'><strong>euim</strong></span> <span class='ocrx_word' id='word_1_17' title='bbox 364 521 452 572; x_wconf 80' lang='lat' dir='ltr'><strong>nuper</strong></span> <span class='ocrx_word' id='word_1_18' title='bbox 465 521 528 556; x_wconf 90' lang='lat' dir='ltr'><strong>eum</strong></span> <span class='ocrx_word' id='word_1_19' title='bbox 542 503 662 555; x_wconf 86' lang='lat' dir='ltr'><strong>studiose</strong></span> <span class='ocrx_word' id='word_1_20' title='bbox 676 507 704 555; x_wconf 90' lang='lat' dir='ltr'><strong>et</strong></span> <span class='ocrx_word' id='word_1_21' title='bbox 717 503 876 570; x_wconf 79' lang='lat' dir='ltr'><strong>frequenter</strong></span> <span class='ocrx_word' id='word_1_22' title='bbox 895 501 978 569; x_wconf 86' lang='lat' dir='ltr'><strong>Sami,</strong></span> <span class='ocrx_word' id='word_1_23' title='bbox 999 520 1063 580; x_wconf 85' lang='lat' dir='ltr'><strong>cum</strong></span> <span class='ocrx_word' id='word_1_24' title='bbox 1081 521 1117 554; x_wconf 89' lang='lat' dir='ltr'><strong>ex</strong></span> 
     </span>
     <span class='ocr_line' id='line_1_4' title="bbox 131 581 1116 654; baseline -0.005 -15"><span class='ocrx_word' id='word_1_25' title='bbox 131 603 164 639; x_wconf 92' lang='lat' dir='ltr'><strong>eo</strong></span> <span class='ocrx_word' id='word_1_26' title='bbox 173 586 221 654; x_wconf 86' lang='lat' dir='ltr'><strong>jue</strong></span> <span class='ocrx_word' id='word_1_27' title='bbox 234 589 359 637; x_wconf 89' lang='lat' dir='ltr'><strong>nostrum</strong></span> <span class='ocrx_word' id='word_1_28' title='bbox 372 582 552 652; x_wconf 87' lang='lat' dir='ltr'><strong>pontificium,</strong></span> <span class='ocrx_word' id='word_1_29' title='bbox 568 599 623 650; x_wconf 86' lang='lat' dir='ltr'><strong>qua</strong></span> <span class='ocrx_word' id='word_1_30' title='bbox 636 598 671 634; x_wconf 87' lang='lat' dir='ltr'><strong>ex</strong></span> <span class='ocrx_word' id='word_1_31' title='bbox 691 586 768 649; x_wconf 87' lang='lat' dir='ltr'><strong>parte</strong></span> <span class='ocrx_word' id='word_1_32' title='bbox 792 599 855 634; x_wconf 87' lang='lat' dir='ltr'><strong>cum</strong></span> <span class='ocrx_word' id='word_1_33' title='bbox 874 581 938 648; x_wconf 89' lang='lat' dir='ltr'><strong>jure</strong></span> <span class='ocrx_word' id='word_1_34' title='bbox 962 581 1037 634; x_wconf 89' lang='lat' dir='ltr'><strong>civili</strong></span> <span class='ocrx_word' id='word_1_35' title='bbox 1050 598 1116 634; x_wconf 89' lang='lat' dir='ltr'><strong>con·</strong></span> 
     </span>
    </p>
   </div>
   <div class='ocr_carea' id='block_1_3' title="bbox 128 659 1211 733">
    <p class='ocr_par' dir='ltr' id='par_1_3' title="bbox 128 659 1211 733">
     <span class='ocr_line' id='line_1_5' title="bbox 128 659 1211 733; baseline -0.005 -16"><span class='ocrx_word' id='word_1_36' title='bbox 128 665 258 733; x_wconf 89' lang='lat' dir='ltr'><strong>junctum</strong></span> <span class='ocrx_word' id='word_1_37' title='bbox 279 667 358 728; x_wconf 90' lang='lat' dir='ltr'><strong>esset,</strong></span> <span class='ocrx_word' id='word_1_38' title='bbox 383 661 482 714; x_wconf 87' lang='lat' dir='ltr'><strong>vellem</strong></span> <span class='ocrx_word' id='word_1_39' title='bbox 506 664 733 728; x_wconf 85' lang='lat' dir='ltr'><strong>cognoscere-et</strong></span> <span class='ocrx_word' id='word_1_40' title='bbox 759 677 833 712; x_wconf 87' lang='lat' dir='ltr'><strong>nunc</strong></span> <span class='ocrx_word' id='word_1_41' title='bbox 860 677 952 712; x_wconf 91' lang='lat' dir='ltr'><strong>meum</strong></span> <span class='ocrx_word' id='word_1_42' title='bbox 975 659 1116 727; x_wconf 86' lang='lat' dir='ltr'><strong>judicium</strong></span> <span class='ocrx_word' id='word_1_43' title='bbox 1210 709 1211 726; x_wconf 56' lang='lat'><strong>,</strong></span> 
     </span>
    </p>
   </div>
   <div class='ocr_carea' id='block_1_4' title="bbox 130 739 1116 1200">
    <p class='ocr_par' dir='ltr' id='par_1_4' title="bbox 130 739 1116 1200">
     <span class='ocr_line' id='line_1_6' title="bbox 131 739 1113 809; baseline -0.004 -13"><span class='ocrx_word' id='word_1_44' title='bbox 131 741 319 809; x_wconf 86' lang='lat' dir='ltr'><strong>multomagis</strong></span> <span class='ocrx_word' id='word_1_45' title='bbox 341 740 471 793; x_wconf 84' lang='lat' dir='ltr'><strong>confirmo</strong></span> <span class='ocrx_word' id='word_1_46' title='bbox 494 739 651 792; x_wconf 87' lang='lat' dir='ltr'><strong>testimonio</strong></span> <span class='ocrx_word' id='word_1_47' title='bbox 673 743 701 791; x_wconf 90' lang='lat' dir='ltr'><strong>et</strong></span> <span class='ocrx_word' id='word_1_48' title='bbox 722 739 827 806; x_wconf 89' lang='lat' dir='ltr'><strong>judicio</strong></span> <span class='ocrx_word' id='word_1_49' title='bbox 850 742 919 801; x_wconf 90' lang='lat' dir='ltr'><strong>tuo;</strong></span> <span class='ocrx_word' id='word_1_50' title='bbox 940 739 1022 792; x_wconf 89' lang='lat' dir='ltr'><strong>simul</strong></span> <span class='ocrx_word' id='word_1_51' title='bbox 1043 739 1113 792; x_wconf 91' lang='lat' dir='ltr'><strong>illud</strong></span> 
     </span>
     <span class='ocr_line' id='line_1_7' title="bbox 130 817 1115 891; baseline -0.004 -17"><span class='ocrx_word' id='word_1_52' title='bbox 130 821 246 890; x_wconf 84' lang='lat' dir='ltr'><strong>gaudeo,</strong></span> <span class='ocrx_word' id='word_1_53' title='bbox 262 819 336 888; x_wconf 93' lang='lat' dir='ltr'><strong>quod</strong></span> <span class='ocrx_word' id='word_1_54' title='bbox 350 823 379 872; x_wconf 93' lang='lat' dir='ltr'><strong>et</strong></span> <span class='ocrx_word' id='word_1_55' title='bbox 392 819 533 886; x_wconf 71' lang='lat' dir='ltr'><strong>aequalitas</strong></span> <span class='ocrx_word' id='word_1_56' title='bbox 546 822 638 870; x_wconf 88' lang='lat' dir='ltr'><strong>vestra</strong></span> <span class='ocrx_word' id='word_1_57' title='bbox 655 822 683 891; x_wconf 78' lang='lat' dir='ltr'><strong>et</strong></span> <span class='ocrx_word' id='word_1_58' title='bbox 705 834 782 885; x_wconf 86' lang='lat' dir='ltr'><strong>pares</strong></span> <span class='ocrx_word' id='word_1_59' title='bbox 805 817 940 869; x_wconf 89' lang='lat' dir='ltr'><strong>honorum</strong></span> <span class='ocrx_word' id='word_1_60' title='bbox 963 818 1065 886; x_wconf 86' lang='lat' dir='ltr'><strong>gradus</strong></span> <span class='ocrx_word' id='word_1_61' title='bbox 1086 823 1115 870; x_wconf 89' lang='lat' dir='ltr'><strong>et</strong></span> 
     </span>
     <span class='ocr_line' id='line_1_8' title="bbox 131 896 1115 968; baseline -0.004 -16"><span class='ocrx_word' id='word_1_62' title='bbox 131 900 232 952; x_wconf 84' lang='lat' dir='ltr'><strong>artium</strong></span> <span class='ocrx_word' id='word_1_63' title='bbox 246 898 454 964; x_wconf 87' lang='lat' dir='ltr'><strong>studiorumque</strong></span> <span class='ocrx_word' id='word_1_64' title='bbox 468 897 547 968; x_wconf 90' lang='lat' dir='ltr'><strong>quasi</strong></span> <span class='ocrx_word' id='word_1_65' title='bbox 559 896 676 948; x_wconf 88' lang='lat' dir='ltr'><strong>finitima</strong></span> <span class='ocrx_word' id='word_1_66' title='bbox 694 896 819 949; x_wconf 88' lang='lat' dir='ltr'><strong>vicinitas</strong></span> <span class='ocrx_word' id='word_1_67' title='bbox 843 901 955 948; x_wconf 86' lang='lat' dir='ltr'><strong>tentum</strong></span> <span class='ocrx_word' id='word_1_68' title='bbox 977 897 1055 948; x_wconf 88' lang='lat' dir='ltr'><strong>abest</strong></span> <span class='ocrx_word' id='word_1_69' title='bbox 1079 897 1115 949; x_wconf 87' lang='lat' dir='ltr'><strong>ab</strong></span> 
     </span>
     <span class='ocr_line' id='line_1_9' title="bbox 131 975 1115 1043; baseline -0.003 -12"><span class='ocrx_word' id='word_1_70' title='bbox 131 977 329 1031; x_wconf 75' lang='lat' dir='ltr'><strong>obtrectatione</strong></span> <span class='ocrx_word' id='word_1_71' title='bbox 343 981 371 1028; x_wconf 91' lang='lat' dir='ltr'><strong>et</strong></span> <span class='ocrx_word' id='word_1_72' title='bbox 384 975 497 1042; x_wconf 88' lang='lat' dir='ltr'><strong>invidia,</strong></span> <span class='ocrx_word' id='word_1_73' title='bbox 514 993 575 1043; x_wconf 87' lang='lat' dir='ltr'><strong>quae</strong></span> <span class='ocrx_word' id='word_1_74' title='bbox 589 975 657 1028; x_wconf 91' lang='lat' dir='ltr'><strong>solet</strong></span> <span class='ocrx_word' id='word_1_75' title='bbox 671 975 787 1027; x_wconf 87' lang='lat' dir='ltr'><strong>lacerare</strong></span> <span class='ocrx_word' id='word_1_76' title='bbox 797 975 948 1042; x_wconf 86' lang='lat' dir='ltr'><strong>plerosque,</strong></span> <span class='ocrx_word' id='word_1_77' title='bbox 964 979 997 1027; x_wconf 87' lang='lat' dir='ltr'><strong>ut</strong></span> <span class='ocrx_word' id='word_1_78' title='bbox 1011 993 1044 1028; x_wconf 89' lang='lat' dir='ltr'><strong>ea</strong></span> <span class='ocrx_word' id='word_1_79' title='bbox 1057 991 1115 1028; x_wconf 91' lang='lat' dir='ltr'><strong>non</strong></span> 
     </span>
     <span class='ocr_line' id='line_1_10' title="bbox 130 1053 1116 1120; baseline -0.002 -11"><span class='ocrx_word' id='word_1_80' title='bbox 130 1057 213 1109; x_wconf 88' lang='lat' dir='ltr'><strong>modo</strong></span> <span class='ocrx_word' id='word_1_81' title='bbox 234 1073 290 1108; x_wconf 89' lang='lat' dir='ltr'><strong>non</strong></span> <span class='ocrx_word' id='word_1_82' title='bbox 313 1055 466 1106; x_wconf 80' lang='lat' dir='ltr'><strong>exulcerare</strong></span> <span class='ocrx_word' id='word_1_83' title='bbox 492 1057 611 1106; x_wconf 84' lang='lat' dir='ltr'><strong>vestram</strong></span> <span class='ocrx_word' id='word_1_84' title='bbox 637 1054 761 1120; x_wconf 88' lang='lat' dir='ltr'><strong>gratiam,</strong></span> <span class='ocrx_word' id='word_1_85' title='bbox 790 1053 839 1106; x_wconf 90' lang='lat' dir='ltr'><strong>sed</strong></span> <span class='ocrx_word' id='word_1_86' title='bbox 864 1054 948 1106; x_wconf 89' lang='lat' dir='ltr'><strong>etiam</strong></span> <span class='ocrx_word' id='word_1_87' title='bbox 969 1054 1116 1107; x_wconf 82' lang='lat' dir='ltr'><strong>conciliare</strong></span> 
     </span>
     <span class='ocr_line' id='line_1_11' title="bbox 131 1132 1115 1200; baseline -0.002 -13"><span class='ocrx_word' id='word_1_88' title='bbox 131 1135 265 1187; x_wconf 86' lang='lat' dir='ltr'><strong>videatur.</strong></span> <span class='ocrx_word' id='word_1_89' title='bbox 310 1133 391 1196; x_wconf 84' lang='lat' dir='ltr'><strong>Quali</strong></span> <span class='ocrx_word' id='word_1_90' title='bbox 404 1133 478 1186; x_wconf 91' lang='lat' dir='ltr'><strong>enim</strong></span> <span class='ocrx_word' id='word_1_91' title='bbox 490 1135 519 1184; x_wconf 85' lang='lat' dir='ltr'><strong>te</strong></span> <span class='ocrx_word' id='word_1_92' title='bbox 533 1149 596 1199; x_wconf 88' lang='lat' dir='ltr'><strong>erga</strong></span> <span class='ocrx_word' id='word_1_93' title='bbox 608 1132 687 1184; x_wconf 92' lang='lat' dir='ltr'><strong>illum</strong></span> <span class='ocrx_word' id='word_1_94' title='bbox 701 1132 841 1200; x_wconf 91' lang='lat' dir='ltr'><strong>perspicio,</strong></span> <span class='ocrx_word' id='word_1_95' title='bbox 857 1132 908 1184; x_wconf 88' lang='lat' dir='ltr'><strong>tali</strong></span> <span class='ocrx_word' id='word_1_96' title='bbox 929 1132 1007 1184; x_wconf 91' lang='lat' dir='ltr'><strong>illum</strong></span> <span class='ocrx_word' id='word_1_97' title='bbox 1031 1133 1063 1185; x_wconf 93' lang='lat' dir='ltr'><strong>in</strong></span> <span class='ocrx_word' id='word_1_98' title='bbox 1085 1137 1115 1185; x_wconf 81' lang='lat' dir='ltr'><strong>te</strong></span> 
     </span>
    </p>
   </div>
   <div class='ocr_carea' id='block_1_5' title="bbox 132 1209 1213 1280">
    <p class='ocr_par' dir='ltr' id='par_1_5' title="bbox 132 1209 1213 1280">
     <span class='ocr_line' id='line_1_12' title="bbox 132 1209 1213 1280; baseline -0.001 -15"><span class='ocrx_word' id='word_1_99' title='bbox 132 1213 275 1266; x_wconf 88' lang='lat' dir='ltr'><strong>voluntate</strong></span> <span class='ocrx_word' id='word_1_100' title='bbox 286 1212 446 1280; x_wconf 88' lang='lat' dir='ltr'><strong>judicioque</strong></span> <span class='ocrx_word' id='word_1_101' title='bbox 459 1211 581 1279; x_wconf 84' lang='lat' dir='ltr'><strong>cognovi</strong></span> <span class='ocrx_word' id='word_1_102' title='bbox 627 1210 691 1268; x_wconf 80' lang='grc'><strong>157.</strong></span> <span class='ocrx_word' id='word_1_103' title='bbox 717 1209 817 1278; x_wconf 84' lang='lat' dir='ltr'><strong>Itaque</strong></span> <span class='ocrx_word' id='word_1_104' title='bbox 831 1211 909 1262; x_wconf 88' lang='lat' dir='ltr'><strong>doleo</strong></span> <span class='ocrx_word' id='word_1_105' title='bbox 923 1210 1114 1264; x_wconf 84' lang='lat' dir='ltr'><strong>etilliuscon·</strong></span> <span class='ocrx_word' id='word_1_106' title='bbox 1212 1277 1213 1280; x_wconf 8' lang='grc' dir='ltr'><strong>Ἴ</strong></span> 
     </span>
    </p>
   </div>
   <div class='ocr_carea' id='block_1_6' title="bbox 128 1289 1116 2068">
    <p class='ocr_par' dir='ltr' id='par_1_6' title="bbox 128 1289 1115 1752">
     <span class='ocr_line' id='line_1_13' title="bbox 131 1289 1115 1358; baseline -0.002 -14"><span class='ocrx_word' id='word_1_107' title='bbox 131 1292 192 1344; x_wconf 85' lang='lat' dir='ltr'><strong>silio</strong></span> <span class='ocrx_word' id='word_1_108' title='bbox 205 1295 234 1344; x_wconf 91' lang='lat' dir='ltr'><strong>et</strong></span> <span class='ocrx_word' id='word_1_109' title='bbox 246 1295 297 1344; x_wconf 87' lang='lat' dir='ltr'><strong>tua</strong></span> <span class='ocrx_word' id='word_1_110' title='bbox 309 1307 375 1343; x_wconf 84' lang='lat' dir='ltr'><strong>voce</strong></span> <span class='ocrx_word' id='word_1_111' title='bbox 388 1290 520 1358; x_wconf 91' lang='lat' dir='ltr'><strong>populum</strong></span> <span class='ocrx_word' id='word_1_112' title='bbox 534 1289 690 1342; x_wconf 87' lang='lat' dir='ltr'><strong>Romanum</strong></span> <span class='ocrx_word' id='word_1_113' title='bbox 704 1307 793 1342; x_wconf 88' lang='lat' dir='ltr'><strong>carere</strong></span> <span class='ocrx_word' id='word_1_114' title='bbox 804 1294 862 1341; x_wconf 90' lang='lat' dir='ltr'><strong>tam</strong></span> <span class='ocrx_word' id='word_1_115' title='bbox 871 1289 921 1341; x_wconf 93' lang='lat' dir='ltr'><strong>diu</strong></span> <span class='ocrx_word' id='word_1_116' title='bbox 934 1309 941 1354; x_wconf 87' lang='lat'>;</span> <span class='ocrx_word' id='word_1_117' title='bbox 961 1289 1036 1358; x_wconf 92' lang='lat' dir='ltr'><strong>quod</strong></span> <span class='ocrx_word' id='word_1_118' title='bbox 1050 1307 1115 1343; x_wconf 90' lang='lat' dir='ltr'><strong>cum</strong></span> 
     </span>
     <span class='ocr_line' id='line_1_14' title="bbox 130 1367 1115 1438; baseline -0.003 -15"><span class='ocrx_word' id='word_1_119' title='bbox 130 1388 179 1438; x_wconf 89' lang='lat' dir='ltr'><strong>per</strong></span> <span class='ocrx_word' id='word_1_120' title='bbox 192 1388 221 1423; x_wconf 88' lang='lat' dir='ltr'><strong>se</strong></span> <span class='ocrx_word' id='word_1_121' title='bbox 235 1369 386 1423; x_wconf 92' lang='lat' dir='ltr'><strong>dolendum</strong></span> <span class='ocrx_word' id='word_1_122' title='bbox 400 1372 450 1434; x_wconf 89' lang='lat' dir='ltr'><strong>est,</strong></span> <span class='ocrx_word' id='word_1_123' title='bbox 466 1373 528 1420; x_wconf 92' lang='lat' dir='ltr'><strong>tum</strong></span> <span class='ocrx_word' id='word_1_124' title='bbox 550 1368 639 1420; x_wconf 88' lang='lat' dir='ltr'><strong>multo</strong></span> <span class='ocrx_word' id='word_1_125' title='bbox 660 1368 745 1435; x_wconf 86' lang='lat' dir='ltr'><strong>magis</strong></span> <span class='ocrx_word' id='word_1_126' title='bbox 767 1367 961 1435; x_wconf 77' lang='lat' dir='ltr'><strong>consideranti,</strong></span> <span class='ocrx_word' id='word_1_127' title='bbox 984 1367 1020 1422; x_wconf 89' lang='lat' dir='ltr'><strong>sd</strong></span> <span class='ocrx_word' id='word_1_128' title='bbox 1044 1386 1115 1437; x_wconf 89' lang='lat' dir='ltr'><strong>quos</strong></span> 
     </span>
     <span class='ocr_line' id='line_1_15' title="bbox 130 1446 1114 1514; baseline -0.003 -11"><span class='ocrx_word' id='word_1_129' title='bbox 130 1450 184 1503; x_wconf 90' lang='lat' dir='ltr'><strong>ista</strong></span> <span class='ocrx_word' id='word_1_130' title='bbox 196 1467 253 1503; x_wconf 90' lang='lat' dir='ltr'><strong>non</strong></span> <span class='ocrx_word' id='word_1_131' title='bbox 266 1449 399 1502; x_wconf 88' lang='lat' dir='ltr'><strong>translata</strong></span> <span class='ocrx_word' id='word_1_132' title='bbox 412 1447 477 1514; x_wconf 88' lang='lat' dir='ltr'><strong>sint,</strong></span> <span class='ocrx_word' id='word_1_133' title='bbox 493 1446 542 1500; x_wconf 88' lang='lat' dir='ltr'><strong>sed</strong></span> <span class='ocrx_word' id='word_1_134' title='bbox 554 1446 645 1500; x_wconf 87' lang='lat' dir='ltr'><strong>nescio</strong></span> <span class='ocrx_word' id='word_1_135' title='bbox 661 1463 717 1514; x_wconf 90' lang='lat' dir='ltr'><strong>quo</strong></span> <span class='ocrx_word' id='word_1_136' title='bbox 740 1451 820 1514; x_wconf 89' lang='lat' dir='ltr'><strong>pacto</strong></span> <span class='ocrx_word' id='word_1_137' title='bbox 843 1447 1015 1500; x_wconf 79' lang='lat' dir='ltr'><strong>devenerint.</strong></span> <span class='ocrx_word' id='word_1_138' title='bbox 1057 1447 1114 1500; x_wconf 88' lang='lat' dir='ltr'><strong>Hic</strong></span> 
     </span>
     <span class='ocr_line' id='line_1_16' title="bbox 131 1524 1114 1594; baseline -0.002 -12"><span class='ocrx_word' id='word_1_139' title='bbox 131 1529 251 1594; x_wconf 88' lang='lat' dir='ltr'><strong>Atticus,</strong></span> <span class='ocrx_word' id='word_1_140' title='bbox 266 1527 406 1593; x_wconf 77' lang='lat' dir='ltr'><strong>Dixeram,</strong></span> <span class='ocrx_word' id='word_1_141' title='bbox 421 1526 522 1594; x_wconf 90' lang='lat' dir='ltr'><strong>inquit,</strong></span> <span class='ocrx_word' id='word_1_142' title='bbox 534 1543 551 1578; x_wconf 90' lang='lat' dir='ltr'><strong>a</strong></span> <span class='ocrx_word' id='word_1_143' title='bbox 558 1524 700 1594; x_wconf 83' lang='lat' dir='ltr'><strong>principie,</strong></span> <span class='ocrx_word' id='word_1_144' title='bbox 711 1525 745 1578; x_wconf 90' lang='lat' dir='ltr'><strong>de</strong></span> <span class='ocrx_word' id='word_1_145' title='bbox 754 1542 783 1578; x_wconf 88' lang='lat' dir='ltr'><strong>re</strong></span> <span class='ocrx_word' id='word_1_146' title='bbox 792 1525 902 1592; x_wconf 87' lang='lat' dir='ltr'><strong>publica</strong></span> <span class='ocrx_word' id='word_1_147' title='bbox 911 1529 945 1578; x_wconf 92' lang='lat' dir='ltr'><strong>ut</strong></span> <span class='ocrx_word' id='word_1_148' title='bbox 955 1525 1114 1580; x_wconf 90' lang='lat' dir='ltr'><strong>sileremus:</strong></span> 
     </span>
     <span class='ocr_line' id='line_1_17' title="bbox 128 1603 1113 1676; baseline -0.006 -13"><span class='ocrx_word' id='word_1_149' title='bbox 128 1607 367 1676; x_wconf 74' lang='lat' dir='ltr'><strong>itaquefaciamus</strong></span> <span class='ocrx_word' id='word_1_150' title='bbox 386 1605 460 1658; x_wconf 88' lang='lat' dir='ltr'><strong>Nam</strong></span> <span class='ocrx_word' id='word_1_151' title='bbox 468 1603 769 1657; x_wconf 85' lang='lat' dir='ltr'><strong>siistomodovolumus</strong></span> <span class='ocrx_word' id='word_1_152' title='bbox 778 1603 1113 1671; x_wconf 87' lang='lat' dir='ltr'><strong>singulasresdesiderare,</strong></span> 
     </span>
     <span class='ocr_line' id='line_1_18' title="bbox 129 1682 1071 1752; baseline -0.003 -14"><span class='ocrx_word' id='word_1_153' title='bbox 129 1693 187 1743; x_wconf 75' lang='lat' dir='ltr'><strong>bon</strong></span> <span class='ocrx_word' id='word_1_154' title='bbox 200 1685 282 1738; x_wconf 93' lang='lat' dir='ltr'><strong>modo</strong></span> <span class='ocrx_word' id='word_1_155' title='bbox 295 1683 436 1752; x_wconf 88' lang='lat' dir='ltr'><strong>querendi,</strong></span> <span class='ocrx_word' id='word_1_156' title='bbox 451 1683 499 1735; x_wconf 87' lang='lat' dir='ltr'><strong>scd</strong></span> <span class='ocrx_word' id='word_1_157' title='bbox 508 1700 544 1735; x_wconf 87' lang='lat' dir='ltr'><strong>ne</strong></span> <span class='ocrx_word' id='word_1_158' title='bbox 555 1682 669 1750; x_wconf 90' lang='lat' dir='ltr'><strong>lugendi</strong></span> <span class='ocrx_word' id='word_1_159' title='bbox 682 1682 793 1750; x_wconf 91' lang='lat' dir='ltr'><strong>quidem</strong></span> <span class='ocrx_word' id='word_1_160' title='bbox 803 1682 887 1734; x_wconf 90' lang='lat' dir='ltr'><strong>finem</strong></span> <span class='ocrx_word' id='word_1_161' title='bbox 899 1682 1071 1750; x_wconf 81' lang='lat' dir='ltr'><strong>reperiemus</strong></span> 
     </span>
    </p>

    <p class='ocr_par' dir='ltr' id='par_1_7' title="bbox 131 1760 1112 1908">
     <span class='ocr_line' id='line_1_19' title="bbox 170 1760 1112 1830; baseline -0.002 -14"><span class='ocrx_word' id='word_1_162' title='bbox 170 1763 278 1816; x_wconf 84' lang='lat' dir='ltr'>XLIII.</span> <span class='ocrx_word' id='word_1_163' title='bbox 324 1764 388 1816; x_wconf 83' lang='lat'>158.</span> <span class='ocrx_word' id='word_1_164' title='bbox 413 1762 562 1828; x_wconf 80' lang='lat' dir='ltr'><strong>Pergamus</strong></span> <span class='ocrx_word' id='word_1_165' title='bbox 575 1778 648 1828; x_wconf 86' lang='lat' dir='ltr'><strong>ergo,</strong></span> <span class='ocrx_word' id='word_1_166' title='bbox 663 1760 786 1829; x_wconf 90' lang='lat' dir='ltr'><strong>inquam,</strong></span> <span class='ocrx_word' id='word_1_167' title='bbox 801 1761 837 1814; x_wconf 91' lang='lat' dir='ltr'><strong>ad</strong></span> <span class='ocrx_word' id='word_1_168' title='bbox 854 1761 960 1830; x_wconf 89' lang='lat' dir='ltr'><strong>reliqua</strong></span> <span class='ocrx_word' id='word_1_169' title='bbox 981 1765 1010 1814; x_wconf 85' lang='lat' dir='ltr'><strong>et</strong></span> <span class='ocrx_word' id='word_1_170' title='bbox 1032 1762 1112 1815; x_wconf 88' lang='lat' dir='ltr'><strong>insti-</strong></span> 
     </span>
     <span class='ocr_line' id='line_1_20' title="bbox 131 1841 574 1908; baseline -0.009 -12"><span class='ocrx_word' id='word_1_171' title='bbox 131 1847 226 1896; x_wconf 89' lang='lat' dir='ltr'><strong>tutum</strong></span> <span class='ocrx_word' id='word_1_172' title='bbox 239 1841 362 1894; x_wconf 88' lang='lat' dir='ltr'><strong>ordinem</strong></span> <span class='ocrx_word' id='word_1_173' title='bbox 374 1856 574 1908; x_wconf 88' lang='lat' dir='ltr'><strong>persequamur.</strong></span> 
     </span>
    </p>

    <p class='ocr_par' dir='ltr' id='par_1_8' title="bbox 132 1917 1116 2068">
     <span class='ocr_line' id='line_1_21' title="bbox 171 1917 1115 1986; baseline -0.001 -12"><span class='ocrx_word' id='word_1_174' title='bbox 171 1921 289 1974; x_wconf 77' lang='lat' dir='ltr'><strong>Paratus</strong></span> <span class='ocrx_word' id='word_1_175' title='bbox 301 1918 386 1986; x_wconf 85' lang='lat' dir='ltr'><strong>igitur</strong></span> <span class='ocrx_word' id='word_1_176' title='bbox 398 1918 526 1972; x_wconf 87' lang='lat' dir='ltr'><strong>veniebat</strong></span> <span class='ocrx_word' id='word_1_177' title='bbox 540 1917 660 1984; x_wconf 72' lang='lat' dir='ltr'><strong>Crassus,</strong></span> <span class='ocrx_word' id='word_1_178' title='bbox 684 1918 901 1986; x_wconf 75' lang='lat' dir='ltr'><strong>exspectabatur,</strong></span> <span class='ocrx_word' id='word_1_179' title='bbox 927 1919 1093 1973; x_wconf 74' lang='lat' dir='ltr'><strong>audiebatur</strong></span> <span class='ocrx_word' id='word_1_180' title='bbox 1108 1941 1115 1984; x_wconf 82' lang='lat'><em>3</em></span> 
     </span>
     <span class='ocr_line' id='line_1_22' title="bbox 132 1996 1116 2068; baseline -0.002 -14"><span class='ocrx_word' id='word_1_181' title='bbox 132 2019 149 2054; x_wconf 85' lang='lat' dir='ltr'><strong>a</strong></span> <span class='ocrx_word' id='word_1_182' title='bbox 161 1999 295 2068; x_wconf 91' lang='lat' dir='ltr'><strong>principio</strong></span> <span class='ocrx_word' id='word_1_183' title='bbox 308 1998 412 2064; x_wconf 89' lang='lat' dir='ltr'><strong>statim,</strong></span> <span class='ocrx_word' id='word_1_184' title='bbox 428 1997 502 2066; x_wconf 92' lang='lat' dir='ltr'><strong>quod</strong></span> <span class='ocrx_word' id='word_1_185' title='bbox 515 2000 573 2049; x_wconf 91' lang='lat' dir='ltr'><strong>erat</strong></span> <span class='ocrx_word' id='word_1_186' title='bbox 586 1996 660 2065; x_wconf 88' lang='lat' dir='ltr'><strong>apud</strong></span> <span class='ocrx_word' id='word_1_187' title='bbox 674 2014 737 2049; x_wconf 90' lang='lat' dir='ltr'><strong>eum</strong></span> <span class='ocrx_word' id='word_1_188' title='bbox 750 2014 855 2064; x_wconf 82' lang='lat' dir='ltr'><strong>semper</strong></span> <span class='ocrx_word' id='word_1_189' title='bbox 876 2002 1042 2064; x_wconf 85' lang='lat' dir='ltr'><strong>accuratum,</strong></span> <span class='ocrx_word' id='word_1_190' title='bbox 1069 2017 1116 2052; x_wconf 84' lang='lat' dir='ltr'><strong>ex·</strong></span> 
     </span>
    </p>
   </div>
   <div class='ocr_carea' id='block_1_7' title="bbox 132 2068 1216 2148">
    <p class='ocr_par' dir='ltr' id='par_1_9' title="bbox 132 2068 1216 2148">
     <span class='ocr_line' id='line_1_23' title="bbox 132 2068 1216 2148; baseline -0.001 -17"><span class='ocrx_word' id='word_1_191' title='bbox 132 2079 298 2148; x_wconf 85' lang='lat' dir='ltr'><strong>spectatione</strong></span> <span class='ocrx_word' id='word_1_192' title='bbox 311 2077 410 2145; x_wconf 90' lang='lat' dir='ltr'><strong>dignus</strong></span> <span class='ocrx_word' id='word_1_193' title='bbox 425 2076 575 2129; x_wconf 82' lang='lat' dir='ltr'><strong>videbatur.</strong></span> <span class='ocrx_word' id='word_1_194' title='bbox 618 2075 684 2129; x_wconf 88' lang='lat' dir='ltr'><strong>Non</strong></span> <span class='ocrx_word' id='word_1_195' title='bbox 697 2076 785 2128; x_wconf 87' lang='lat' dir='ltr'><strong>multa</strong></span> <span class='ocrx_word' id='word_1_196' title='bbox 791 2075 906 2144; x_wconf 88' lang='lat' dir='ltr'><strong>jactatio</strong></span> <span class='ocrx_word' id='word_1_197' title='bbox 920 2077 1048 2144; x_wconf 84' lang='lat' dir='ltr'><strong>corporis,</strong></span> <span class='ocrx_word' id='word_1_198' title='bbox 1058 2095 1116 2130; x_wconf 92' lang='lat' dir='ltr'><strong>non</strong></span> <span class='ocrx_word' id='word_1_199' title='bbox 1215 2068 1216 2086; x_wconf 55' lang='lat'>¹</span> 
     </span>
    </p>
   </div>
   <div class='ocr_carea' id='block_1_8' title="bbox 84 2154 1120 3714">
    <p class='ocr_par' dir='ltr' id='par_1_10' title="bbox 84 2154 1120 3714">
     <span class='ocr_line' id='line_1_24' title="bbox 132 2154 1116 2223; baseline -0.002 -12"><span class='ocrx_word' id='word_1_200' title='bbox 132 2158 274 2212; x_wconf 87' lang='lat' dir='ltr'><strong>inclinatio</strong></span> <span class='ocrx_word' id='word_1_201' title='bbox 288 2156 370 2222; x_wconf 89' lang='lat' dir='ltr'><strong>vocis,</strong></span> <span class='ocrx_word' id='word_1_202' title='bbox 385 2155 463 2208; x_wconf 89' lang='lat' dir='ltr'><strong>nulla</strong></span> <span class='ocrx_word' id='word_1_203' title='bbox 475 2154 663 2222; x_wconf 87' lang='lat' dir='ltr'><strong>inambulatio,</strong></span> <span class='ocrx_word' id='word_1_204' title='bbox 680 2171 736 2208; x_wconf 88' lang='lat' dir='ltr'><strong>non</strong></span> <span class='ocrx_word' id='word_1_205' title='bbox 749 2155 843 2208; x_wconf 89' lang='lat' dir='ltr'><strong>crebra</strong></span> <span class='ocrx_word' id='word_1_206' title='bbox 861 2155 1000 2223; x_wconf 89' lang='lat' dir='ltr'><strong>supplosio</strong></span> <span class='ocrx_word' id='word_1_207' title='bbox 1017 2156 1096 2223; x_wconf 91' lang='lat' dir='ltr'><strong>pedis</strong></span> <span class='ocrx_word' id='word_1_208' title='bbox 1110 2177 1116 2220; x_wconf 91' lang='lat'>;</span> 
     </span>
     <span class='ocr_line' id='line_1_25' title="bbox 84 2233 1116 2301; baseline -0.001 -13"><span class='ocrx_word' id='word_1_209' title='bbox 84 2233 92 2246; x_wconf 84' lang='lat'>&#39;</span> <span class='ocrx_word' id='word_1_210' title='bbox 131 2237 278 2288; x_wconf 85' lang='lat' dir='ltr'><strong>vehemens</strong></span> <span class='ocrx_word' id='word_1_211' title='bbox 291 2239 320 2287; x_wconf 89' lang='lat' dir='ltr'><strong>et</strong></span> <span class='ocrx_word' id='word_1_212' title='bbox 333 2235 472 2287; x_wconf 91' lang='lat' dir='ltr'><strong>interdum</strong></span> <span class='ocrx_word' id='word_1_213' title='bbox 486 2234 556 2286; x_wconf 88' lang='lat' dir='ltr'><strong>irata</strong></span> <span class='ocrx_word' id='word_1_214' title='bbox 569 2238 598 2285; x_wconf 90' lang='lat' dir='ltr'><strong>et</strong></span> <span class='ocrx_word' id='word_1_215' title='bbox 615 2234 697 2300; x_wconf 89' lang='lat' dir='ltr'><strong>plena</strong></span> <span class='ocrx_word' id='word_1_216' title='bbox 706 2233 777 2301; x_wconf 89' lang='lat' dir='ltr'><strong>justi</strong></span> <span class='ocrx_word' id='word_1_217' title='bbox 790 2233 891 2286; x_wconf 87' lang='lat' dir='ltr'><strong>doloris</strong></span> <span class='ocrx_word' id='word_1_218' title='bbox 904 2233 1000 2301; x_wconf 90' lang='lat' dir='ltr'><strong>oratio,</strong></span> <span class='ocrx_word' id='word_1_219' title='bbox 1016 2235 1116 2288; x_wconf 88' lang='lat' dir='ltr'><strong>multae</strong></span> 
     </span>
     <span class='ocr_line' id='line_1_26' title="bbox 132 2311 1115 2382; baseline -0.001 -15"><span class='ocrx_word' id='word_1_220' title='bbox 132 2319 161 2367; x_wconf 89' lang='lat' dir='ltr'><strong>et</strong></span> <span class='ocrx_word' id='word_1_221' title='bbox 175 2332 236 2367; x_wconf 92' lang='lat' dir='ltr'><strong>cum</strong></span> <span class='ocrx_word' id='word_1_222' title='bbox 249 2314 383 2382; x_wconf 88' lang='lat' dir='ltr'><strong>gravitate</strong></span> <span class='ocrx_word' id='word_1_223' title='bbox 396 2313 501 2365; x_wconf 79' lang='lat' dir='ltr'><strong>facetiae</strong></span> <span class='ocrx_word' id='word_1_224' title='bbox 516 2331 522 2366; x_wconf 79' lang='lat' dir='ltr'>z</span> <span class='ocrx_word' id='word_1_225' title='bbox 544 2311 672 2380; x_wconf 87' lang='lat' dir='ltr'><strong>quodque</strong></span> <span class='ocrx_word' id='word_1_226' title='bbox 685 2311 793 2364; x_wconf 88' lang='lat' dir='ltr'><strong>difficile</strong></span> <span class='ocrx_word' id='word_1_227' title='bbox 806 2315 856 2377; x_wconf 89' lang='lat' dir='ltr'><strong>est,</strong></span> <span class='ocrx_word' id='word_1_228' title='bbox 867 2312 938 2364; x_wconf 92' lang='lat' dir='ltr'><strong>idem</strong></span> <span class='ocrx_word' id='word_1_229' title='bbox 951 2316 979 2365; x_wconf 87' lang='lat' dir='ltr'><strong>et</strong></span> <span class='ocrx_word' id='word_1_230' title='bbox 989 2330 1115 2380; x_wconf 90' lang='lat' dir='ltr'><strong>perorna·</strong></span> 
     </span>
     <span class='ocr_line' id='line_1_27' title="bbox 133 2389 1111 2459; baseline 0 -13"><span class='ocrx_word' id='word_1_231' title='bbox 133 2399 180 2446; x_wconf 89' lang='lat' dir='ltr'><strong>tus</strong></span> <span class='ocrx_word' id='word_1_232' title='bbox 193 2397 222 2445; x_wconf 89' lang='lat' dir='ltr'><strong>et</strong></span> <span class='ocrx_word' id='word_1_233' title='bbox 235 2391 391 2459; x_wconf 85' lang='lat' dir='ltr'><strong>perbrevis;</strong></span> <span class='ocrx_word' id='word_1_234' title='bbox 410 2390 470 2458; x_wconf 88' lang='lat' dir='ltr'><strong>jam</strong></span> <span class='ocrx_word' id='word_1_235' title='bbox 491 2389 520 2442; x_wconf 90' lang='lat' dir='ltr'><strong>in</strong></span> <span class='ocrx_word' id='word_1_236' title='bbox 544 2389 701 2442; x_wconf 90' lang='lat' dir='ltr'><strong>altercando</strong></span> <span class='ocrx_word' id='word_1_237' title='bbox 722 2389 829 2442; x_wconf 89' lang='lat' dir='ltr'><strong>invenit</strong></span> <span class='ocrx_word' id='word_1_238' title='bbox 849 2407 942 2458; x_wconf 90' lang='lat' dir='ltr'><strong>parem</strong></span> <span class='ocrx_word' id='word_1_239' title='bbox 965 2391 1111 2446; x_wconf 81' lang='lat' dir='ltr'><strong>nemiuem</strong></span> 
     </span>
     <span class='ocr_line' id='line_1_28' title="bbox 135 2467 1116 2536; baseline -0.001 -12"><span class='ocrx_word' id='word_1_240' title='bbox 135 2473 199 2524; x_wconf 85' lang='lat'><strong>159.</strong></span> <span class='ocrx_word' id='word_1_241' title='bbox 223 2469 356 2522; x_wconf 77' lang='lat' dir='ltr'><strong>Versatur</strong></span> <span class='ocrx_word' id='word_1_242' title='bbox 369 2471 411 2520; x_wconf 90' lang='lat' dir='ltr'><strong>est</strong></span> <span class='ocrx_word' id='word_1_243' title='bbox 428 2468 457 2520; x_wconf 92' lang='lat' dir='ltr'><strong>in</strong></span> <span class='ocrx_word' id='word_1_244' title='bbox 479 2467 554 2520; x_wconf 92' lang='lat' dir='ltr'><strong>omni</strong></span> <span class='ocrx_word' id='word_1_245' title='bbox 576 2468 633 2519; x_wconf 85' lang='lat' dir='ltr'><strong>fere</strong></span> <span class='ocrx_word' id='word_1_246' title='bbox 654 2485 751 2536; x_wconf 82' lang='lat' dir='ltr'><strong>genere</strong></span> <span class='ocrx_word' id='word_1_247' title='bbox 774 2485 935 2534; x_wconf 67' lang='lat' dir='ltr'><strong>causarum</strong></span> <span class='ocrx_word' id='word_1_248' title='bbox 954 2475 1061 2524; x_wconf 88' lang='lat' dir='ltr'><strong>mature</strong></span> <span class='ocrx_word' id='word_1_249' title='bbox 1085 2472 1116 2523; x_wconf 88' lang='lat' dir='ltr'><strong>in</strong></span> 
     </span>
     <span class='ocr_line' id='line_1_29' title="bbox 133 2547 1113 2616; baseline 0 -14"><span class='ocrx_word' id='word_1_250' title='bbox 133 2551 223 2602; x_wconf 88' lang='lat' dir='ltr'><strong>locum</strong></span> <span class='ocrx_word' id='word_1_251' title='bbox 244 2547 398 2616; x_wconf 89' lang='lat' dir='ltr'><strong>principum</strong></span> <span class='ocrx_word' id='word_1_252' title='bbox 425 2549 563 2598; x_wconf 89' lang='lat' dir='ltr'><strong>oratorum</strong></span> <span class='ocrx_word' id='word_1_253' title='bbox 590 2547 673 2600; x_wconf 88' lang='lat' dir='ltr'><strong>venit.</strong></span> <span class='ocrx_word' id='word_1_254' title='bbox 717 2547 865 2600; x_wconf 82' lang='lat' dir='ltr'><strong>Accusavit</strong></span> <span class='ocrx_word' id='word_1_255' title='bbox 891 2548 919 2601; x_wconf 87' lang='lat' dir='ltr'><strong>C.</strong></span> <span class='ocrx_word' id='word_1_256' title='bbox 951 2547 1113 2616; x_wconf 72' lang='lat' dir='ltr'><strong>Carbonem,</strong></span> 
     </span>
     <span class='ocr_line' id='line_1_30' title="bbox 133 2623 1116 2695; baseline 0.001 -15"><span class='ocrx_word' id='word_1_257' title='bbox 133 2625 387 2695; x_wconf 88' lang='lat' dir='ltr'><strong>eloquentissimum</strong></span> <span class='ocrx_word' id='word_1_258' title='bbox 410 2624 558 2691; x_wconf 92' lang='lat' dir='ltr'><strong>hominem,</strong></span> <span class='ocrx_word' id='word_1_259' title='bbox 587 2623 736 2678; x_wconf 86' lang='lat' dir='ltr'><strong>admodum</strong></span> <span class='ocrx_word' id='word_1_260' title='bbox 769 2625 946 2690; x_wconf 89' lang='lat' dir='ltr'><strong>adolescens;</strong></span> <span class='ocrx_word' id='word_1_261' title='bbox 980 2645 1116 2681; x_wconf 86' lang='lat' dir='ltr'><strong>summam</strong></span> 
     </span>
     <span class='ocr_line' id='line_1_31' title="bbox 133 2703 1116 2774; baseline 0.001 -16"><span class='ocrx_word' id='word_1_262' title='bbox 133 2705 236 2774; x_wconf 91' lang='lat' dir='ltr'><strong>ingenii</strong></span> <span class='ocrx_word' id='word_1_263' title='bbox 256 2721 313 2757; x_wconf 88' lang='lat' dir='ltr'><strong>non</strong></span> <span class='ocrx_word' id='word_1_264' title='bbox 333 2703 444 2756; x_wconf 86' lang='lat' dir='ltr'><strong>laudem</strong></span> <span class='ocrx_word' id='word_1_265' title='bbox 464 2703 556 2770; x_wconf 92' lang='lat' dir='ltr'><strong>modo,</strong></span> <span class='ocrx_word' id='word_1_266' title='bbox 581 2703 629 2756; x_wconf 87' lang='lat' dir='ltr'><strong>sed</strong></span> <span class='ocrx_word' id='word_1_267' title='bbox 653 2704 736 2756; x_wconf 87' lang='lat' dir='ltr'><strong>etiam</strong></span> <span class='ocrx_word' id='word_1_268' title='bbox 758 2705 966 2758; x_wconf 80' lang='lat' dir='ltr'><strong>admirationem</strong></span> <span class='ocrx_word' id='word_1_269' title='bbox 989 2711 1032 2758; x_wconf 90' lang='lat' dir='ltr'><strong>est</strong></span> <span class='ocrx_word' id='word_1_270' title='bbox 1053 2723 1116 2759; x_wconf 88' lang='lat' dir='ltr'><strong>con-</strong></span> 
     </span>
     <span class='ocr_line' id='line_1_32' title="bbox 134 2776 1117 2850; baseline 0.001 -13"><span class='ocrx_word' id='word_1_271' title='bbox 134 2789 250 2837; x_wconf 86' lang='lat' dir='ltr'><strong>secutus.</strong></span> <span class='ocrx_word' id='word_1_272' title='bbox 296 2784 361 2836; x_wconf 91' lang='grc'>160.</span> <span class='ocrx_word' id='word_1_273' title='bbox 384 2776 516 2835; x_wconf 88' lang='lat' dir='ltr'><strong>Defendit</strong></span> <span class='ocrx_word' id='word_1_274' title='bbox 529 2786 625 2850; x_wconf 91' lang='lat' dir='ltr'><strong>postea</strong></span> <span class='ocrx_word' id='word_1_275' title='bbox 638 2781 770 2834; x_wconf 82' lang='lat' dir='ltr'><strong>Iiciuiam</strong></span> <span class='ocrx_word' id='word_1_276' title='bbox 783 2783 926 2850; x_wconf 86' lang='lat' dir='ltr'><strong>virginem,</strong></span> <span class='ocrx_word' id='word_1_277' title='bbox 947 2801 1009 2836; x_wconf 90' lang='lat' dir='ltr'><strong>cum</strong></span> <span class='ocrx_word' id='word_1_278' title='bbox 1028 2802 1117 2838; x_wconf 89' lang='lat' dir='ltr'><strong>annos</strong></span> 
     </span>
     <span class='ocr_line' id='line_1_33' title="bbox 133 2861 1117 2930; baseline 0.003 -16"><span class='ocrx_word' id='word_1_279' title='bbox 133 2877 218 2915; x_wconf 82' lang='lat' dir='ltr'><strong>xxvrr</strong></span> <span class='ocrx_word' id='word_1_280' title='bbox 232 2865 314 2914; x_wconf 86' lang='lat' dir='ltr'><strong>natue</strong></span> <span class='ocrx_word' id='word_1_281' title='bbox 328 2865 405 2914; x_wconf 88' lang='lat' dir='ltr'><strong>esset.</strong></span> <span class='ocrx_word' id='word_1_282' title='bbox 449 2861 484 2913; x_wconf 93' lang='lat' dir='ltr'><strong>In</strong></span> <span class='ocrx_word' id='word_1_283' title='bbox 498 2878 530 2913; x_wconf 90' lang='lat' dir='ltr'><strong>ea</strong></span> <span class='ocrx_word' id='word_1_284' title='bbox 542 2861 600 2929; x_wconf 90' lang='lat' dir='ltr'><strong>ipsa</strong></span> <span class='ocrx_word' id='word_1_285' title='bbox 618 2878 699 2914; x_wconf 89' lang='lat' dir='ltr'><strong>causa</strong></span> <span class='ocrx_word' id='word_1_286' title='bbox 718 2861 773 2913; x_wconf 84' lang='lat' dir='ltr'><strong>fuit</strong></span> <span class='ocrx_word' id='word_1_287' title='bbox 793 2861 1039 2930; x_wconf 86' lang='lat' dir='ltr'><strong>eloquentissimus,</strong></span> <span class='ocrx_word' id='word_1_288' title='bbox 1057 2881 1117 2917; x_wconf 85' lang='lat' dir='ltr'><strong>ora-</strong></span> 
     </span>
     <span class='ocr_line' id='line_1_34' title="bbox 133 2939 1117 3008; baseline 0.003 -15"><span class='ocrx_word' id='word_1_289' title='bbox 133 2941 271 3007; x_wconf 86' lang='lat' dir='ltr'><strong>tionisque</strong></span> <span class='ocrx_word' id='word_1_290' title='bbox 284 2939 344 3006; x_wconf 86' lang='lat' dir='ltr'><strong>ejus</strong></span> <span class='ocrx_word' id='word_1_291' title='bbox 357 2939 469 3007; x_wconf 85' lang='lat' dir='ltr'><strong>scriptas</strong></span> <span class='ocrx_word' id='word_1_292' title='bbox 482 2939 613 3007; x_wconf 86' lang='lat' dir='ltr'><strong>quasdam</strong></span> <span class='ocrx_word' id='word_1_293' title='bbox 633 2945 725 3006; x_wconf 87' lang='lat' dir='ltr'><strong>partes</strong></span> <span class='ocrx_word' id='word_1_294' title='bbox 744 2939 863 3008; x_wconf 91' lang='lat' dir='ltr'><strong>reliquit.</strong></span> <span class='ocrx_word' id='word_1_295' title='bbox 910 2941 1004 2994; x_wconf 88' lang='lat' dir='ltr'><strong>Voluit</strong></span> <span class='ocrx_word' id='word_1_296' title='bbox 1025 2943 1117 2996; x_wconf 90' lang='lat' dir='ltr'><strong>adole-</strong></span> 
     </span>
     <span class='ocr_line' id='line_1_35' title="bbox 134 3016 1117 3090; baseline 0.001 -18"><span class='ocrx_word' id='word_1_297' title='bbox 134 3035 211 3072; x_wconf 87' lang='lat' dir='ltr'><strong>scens</strong></span> <span class='ocrx_word' id='word_1_298' title='bbox 228 3017 259 3069; x_wconf 91' lang='lat' dir='ltr'><strong>in</strong></span> <span class='ocrx_word' id='word_1_299' title='bbox 280 3017 386 3071; x_wconf 85' lang='lat' dir='ltr'><strong>colonia</strong></span> <span class='ocrx_word' id='word_1_300' title='bbox 409 3016 583 3070; x_wconf 88' lang='lat' dir='ltr'><strong>Narbonensi</strong></span> <span class='ocrx_word' id='word_1_301' title='bbox 604 3035 691 3070; x_wconf 85' lang='lat' dir='ltr'><strong>causae</strong></span> <span class='ocrx_word' id='word_1_302' title='bbox 712 3018 849 3086; x_wconf 83' lang='lat' dir='ltr'><strong>popularis</strong></span> <span class='ocrx_word' id='word_1_303' title='bbox 862 3020 966 3088; x_wconf 89' lang='lat' dir='ltr'><strong>aliquid</strong></span> <span class='ocrx_word' id='word_1_304' title='bbox 980 3022 1117 3090; x_wconf 89' lang='lat' dir='ltr'><strong>attingere</strong></span> 
     </span>
     <span class='ocr_line' id='line_1_36' title="bbox 134 3095 1116 3167; baseline 0.002 -17"><span class='ocrx_word' id='word_1_305' title='bbox 134 3113 248 3164; x_wconf 87' lang='lat' dir='ltr'><strong>eamque</strong></span> <span class='ocrx_word' id='word_1_306' title='bbox 259 3095 401 3161; x_wconf 87' lang='lat' dir='ltr'><strong>coloniam,</strong></span> <span class='ocrx_word' id='word_1_307' title='bbox 416 3099 448 3148; x_wconf 91' lang='lat' dir='ltr'><strong>ut</strong></span> <span class='ocrx_word' id='word_1_308' title='bbox 462 3095 536 3162; x_wconf 90' lang='lat' dir='ltr'><strong>fecit,</strong></span> <span class='ocrx_word' id='word_1_309' title='bbox 551 3096 609 3164; x_wconf 89' lang='lat' dir='ltr'><strong>ipse</strong></span> <span class='ocrx_word' id='word_1_310' title='bbox 620 3097 753 3149; x_wconf 89' lang='lat' dir='ltr'><strong>deducere</strong></span> <span class='ocrx_word' id='word_1_311' title='bbox 766 3117 773 3162; x_wconf 89' lang='lat'>;</span> <span class='ocrx_word' id='word_1_312' title='bbox 793 3101 884 3150; x_wconf 82' lang='lat' dir='ltr'><strong>exstat</strong></span> <span class='ocrx_word' id='word_1_313' title='bbox 897 3099 925 3151; x_wconf 88' lang='lat' dir='ltr'><strong>in</strong></span> <span class='ocrx_word' id='word_1_314' title='bbox 945 3116 1004 3152; x_wconf 91' lang='lat' dir='ltr'><strong>eam</strong></span> <span class='ocrx_word' id='word_1_315' title='bbox 1026 3100 1116 3167; x_wconf 86' lang='lat' dir='ltr'><strong>legem</strong></span> 
     </span>
     <span class='ocr_line' id='line_1_37' title="bbox 135 3173 1118 3242; baseline 0.003 -14"><span class='ocrx_word' id='word_1_316' title='bbox 135 3175 233 3241; x_wconf 90' lang='lat' dir='ltr'><strong>senior,</strong></span> <span class='ocrx_word' id='word_1_317' title='bbox 248 3179 281 3226; x_wconf 92' lang='lat' dir='ltr'><strong>ut</strong></span> <span class='ocrx_word' id='word_1_318' title='bbox 294 3174 335 3226; x_wconf 90' lang='lat' dir='ltr'><strong>ita</strong></span> <span class='ocrx_word' id='word_1_319' title='bbox 357 3173 455 3240; x_wconf 87' lang='lat' dir='ltr'><strong>dicam,</strong></span> <span class='ocrx_word' id='word_1_320' title='bbox 480 3191 564 3241; x_wconf 89' lang='lat' dir='ltr'><strong>quam</strong></span> <span class='ocrx_word' id='word_1_321' title='bbox 587 3174 635 3226; x_wconf 88' lang='lat' dir='ltr'><strong>illa</strong></span> <span class='ocrx_word' id='word_1_322' title='bbox 658 3179 725 3228; x_wconf 83' lang='lat' dir='ltr'><strong>aetas</strong></span> <span class='ocrx_word' id='word_1_323' title='bbox 747 3176 861 3242; x_wconf 87' lang='lat' dir='ltr'><strong>ferebat,</strong></span> <span class='ocrx_word' id='word_1_324' title='bbox 877 3178 971 3230; x_wconf 86' lang='lat' dir='ltr'><strong>oratio.</strong></span> <span class='ocrx_word' id='word_1_325' title='bbox 1015 3177 1118 3232; x_wconf 83' lang='lat' dir='ltr'><strong>Multae</strong></span> 
     </span>
     <span class='ocr_line' id='line_1_38' title="bbox 131 3251 1119 3324; baseline 0.004 -18"><span class='ocrx_word' id='word_1_326' title='bbox 131 3253 235 3307; x_wconf 86' lang='lat' dir='ltr'><strong>deinde</strong></span> <span class='ocrx_word' id='word_1_327' title='bbox 248 3269 346 3319; x_wconf 76' lang='lat' dir='ltr'><strong>causas,</strong></span> <span class='ocrx_word' id='word_1_328' title='bbox 362 3252 410 3304; x_wconf 87' lang='lat' dir='ltr'><strong>sed</strong></span> <span class='ocrx_word' id='word_1_329' title='bbox 423 3251 463 3304; x_wconf 87' lang='lat' dir='ltr'><strong>ita</strong></span> <span class='ocrx_word' id='word_1_330' title='bbox 472 3251 575 3305; x_wconf 88' lang='lat' dir='ltr'><strong>tacitus</strong></span> <span class='ocrx_word' id='word_1_331' title='bbox 587 3253 755 3319; x_wconf 85' lang='lat' dir='ltr'><strong>tribunatus,</strong></span> <span class='ocrx_word' id='word_1_332' title='bbox 770 3260 803 3306; x_wconf 90' lang='lat' dir='ltr'><strong>ut</strong></span> <span class='ocrx_word' id='word_1_333' title='bbox 812 3255 866 3308; x_wconf 89' lang='lat' dir='ltr'><strong>nisi</strong></span> <span class='ocrx_word' id='word_1_334' title='bbox 875 3255 905 3306; x_wconf 92' lang='lat' dir='ltr'><strong>iu</strong></span> <span class='ocrx_word' id='word_1_335' title='bbox 913 3273 946 3308; x_wconf 91' lang='lat' dir='ltr'><strong>eo</strong></span> <span class='ocrx_word' id='word_1_336' title='bbox 954 3257 1119 3324; x_wconf 86' lang='lat' dir='ltr'><strong>magistratu</strong></span> 
     </span>
     <span class='ocr_line' id='line_1_39' title="bbox 135 3329 1118 3400; baseline 0.002 -13"><span class='ocrx_word' id='word_1_337' title='bbox 135 3332 296 3387; x_wconf 83' lang='lat' dir='ltr'><strong>coenavisset</strong></span> <span class='ocrx_word' id='word_1_338' title='bbox 317 3329 390 3398; x_wconf 88' lang='lat' dir='ltr'><strong>apud</strong></span> <span class='ocrx_word' id='word_1_339' title='bbox 411 3347 563 3398; x_wconf 87' lang='lat' dir='ltr'><strong>praeconem</strong></span> <span class='ocrx_word' id='word_1_340' title='bbox 587 3331 729 3398; x_wconf 85' lang='lat' dir='ltr'><strong>Granium,</strong></span> <span class='ocrx_word' id='word_1_341' title='bbox 755 3331 838 3400; x_wconf 89' lang='lat' dir='ltr'><strong>idque</strong></span> <span class='ocrx_word' id='word_1_342' title='bbox 860 3333 940 3386; x_wconf 89' lang='lat' dir='ltr'><strong>nobis</strong></span> <span class='ocrx_word' id='word_1_343' title='bbox 961 3334 1004 3387; x_wconf 92' lang='lat' dir='ltr'><strong>bis</strong></span> <span class='ocrx_word' id='word_1_344' title='bbox 1025 3353 1118 3390; x_wconf 88' lang='lat' dir='ltr'><strong>narra-</strong></span> 
     </span>
     <span class='ocr_line' id='line_1_40' title="bbox 135 3409 1120 3478; baseline 0.004 -14"><span class='ocrx_word' id='word_1_345' title='bbox 135 3412 220 3464; x_wconf 86' lang='lat' dir='ltr'><strong>visset</strong></span> <span class='ocrx_word' id='word_1_346' title='bbox 233 3410 364 3476; x_wconf 88' lang='lat' dir='ltr'><strong>Lucilius,</strong></span> <span class='ocrx_word' id='word_1_347' title='bbox 389 3409 532 3462; x_wconf 87' lang='lat' dir='ltr'><strong>tribunum</strong></span> <span class='ocrx_word' id='word_1_348' title='bbox 555 3409 642 3478; x_wconf 90' lang='lat' dir='ltr'><strong>plebis</strong></span> <span class='ocrx_word' id='word_1_349' title='bbox 661 3411 825 3463; x_wconf 87' lang='lat' dir='ltr'><strong>nesciremus</strong></span> <span class='ocrx_word' id='word_1_350' title='bbox 845 3412 935 3466; x_wconf 84' lang='lat' dir='ltr'><strong>fuisse.</strong></span> <span class='ocrx_word' id='word_1_351' title='bbox 981 3416 1046 3467; x_wconf 87' lang='grc'><strong>161.</strong></span> <span class='ocrx_word' id='word_1_352' title='bbox 1071 3414 1120 3468; x_wconf 90' lang='lat' dir='ltr'><strong>Ita</strong></span> 
     </span>
     <span class='ocr_line' id='line_1_41' title="bbox 135 3487 1118 3558; baseline 0.004 -16"><span class='ocrx_word' id='word_1_353' title='bbox 135 3506 255 3558; x_wconf 87' lang='lat' dir='ltr'><strong>prorsus,</strong></span> <span class='ocrx_word' id='word_1_354' title='bbox 269 3488 361 3557; x_wconf 90' lang='lat' dir='ltr'><strong>inquit</strong></span> <span class='ocrx_word' id='word_1_355' title='bbox 374 3487 478 3540; x_wconf 88' lang='lat' dir='ltr'><strong>Brutus</strong></span> <span class='ocrx_word' id='word_1_356' title='bbox 491 3507 497 3550; x_wconf 89' lang='lat'>;</span> <span class='ocrx_word' id='word_1_357' title='bbox 518 3487 566 3540; x_wconf 92' lang='lat' dir='ltr'><strong>sed</strong></span> <span class='ocrx_word' id='word_1_358' title='bbox 579 3506 614 3541; x_wconf 90' lang='lat' dir='ltr'><strong>ne</strong></span> <span class='ocrx_word' id='word_1_359' title='bbox 628 3489 662 3542; x_wconf 92' lang='lat' dir='ltr'><strong>de</strong></span> <span class='ocrx_word' id='word_1_360' title='bbox 685 3488 813 3543; x_wconf 76' lang='lat' dir='ltr'><strong>Scaevola</strong></span> <span class='ocrx_word' id='word_1_361' title='bbox 835 3491 947 3558; x_wconf 89' lang='lat' dir='ltr'><strong>quidem</strong></span> <span class='ocrx_word' id='word_1_362' title='bbox 969 3493 1118 3546; x_wconf 88' lang='lat' dir='ltr'><strong>tribunatu</strong></span> 
     </span>
     <span class='ocr_line' id='line_1_42' title="bbox 136 3559 1115 3635; baseline 0.006 -15"><span class='ocrx_word' id='word_1_363' title='bbox 136 3568 284 3635; x_wconf 90' lang='lat' dir='ltr'><strong>quicquam</strong></span> <span class='ocrx_word' id='word_1_364' title='bbox 297 3567 431 3619; x_wconf 86' lang='lat' dir='ltr'><strong>audivisse</strong></span> <span class='ocrx_word' id='word_1_365' title='bbox 445 3565 538 3618; x_wconf 86' lang='lat' dir='ltr'><strong>videor</strong></span> <span class='ocrx_word' id='word_1_366' title='bbox 551 3571 580 3618; x_wconf 91' lang='lat' dir='ltr'><strong>et</strong></span> <span class='ocrx_word' id='word_1_367' title='bbox 593 3585 657 3622; x_wconf 87' lang='lat' dir='ltr'><strong>eum</strong></span> <span class='ocrx_word' id='word_1_368' title='bbox 670 3568 798 3635; x_wconf 85' lang='lat' dir='ltr'><strong>collegam</strong></span> <span class='ocrx_word' id='word_1_369' title='bbox 821 3568 910 3622; x_wconf 81' lang='lat' dir='ltr'><strong>Crassi</strong></span> <span class='ocrx_word' id='word_1_370' title='bbox 929 3559 1009 3626; x_wconf 87' lang='lat' dir='ltr'><strong>credo</strong></span> <span class='ocrx_word' id='word_1_371' title='bbox 1023 3573 1115 3626; x_wconf 74' lang='lat' dir='ltr'><strong>fuisse</strong></span> 
     </span>
     <span class='ocr_line' id='line_1_43' title="bbox 137 3645 1120 3714; baseline 0.007 -17"><span class='ocrx_word' id='word_1_372' title='bbox 137 3645 271 3698; x_wconf 81' lang='lat' dir='ltr'><strong>Omnibus</strong></span> <span class='ocrx_word' id='word_1_373' title='bbox 285 3645 395 3712; x_wconf 88' lang='lat' dir='ltr'><strong>quidem</strong></span> <span class='ocrx_word' id='word_1_374' title='bbox 409 3645 478 3712; x_wconf 87' lang='lat' dir='ltr'><strong>aliis,</strong></span> <span class='ocrx_word' id='word_1_375' title='bbox 494 3645 616 3713; x_wconf 88' lang='lat' dir='ltr'><strong>iuquam,</strong></span> <span class='ocrx_word' id='word_1_376' title='bbox 637 3647 666 3698; x_wconf 90' lang='lat' dir='ltr'><strong>in</strong></span> <span class='ocrx_word' id='word_1_377' title='bbox 680 3647 892 3714; x_wconf 84' lang='lat' dir='ltr'><strong>magistratibus,</strong></span> <span class='ocrx_word' id='word_1_378' title='bbox 918 3649 966 3702; x_wconf 89' lang='lat' dir='ltr'><strong>sed</strong></span> <span class='ocrx_word' id='word_1_379' title='bbox 989 3650 1120 3704; x_wconf 89' lang='lat' dir='ltr'><strong>tribunus</strong></span> 
     </span>
    </p>
   </div>
   <div class='ocr_carea' id='block_1_9' title="bbox 160 3723 1121 3798">
    <p class='ocr_par' dir='ltr' id='par_1_11' title="bbox 160 3723 1121 3798">
     <span class='ocr_line' id='line_1_44' title="bbox 160 3723 1121 3798; baseline 0.007 -23"><span class='ocrx_word' id='word_1_380' title='bbox 160 3739 210 3775; x_wconf 83' lang='lat' dir='ltr'><strong>nno</strong></span> <span class='ocrx_word' id='word_1_381' title='bbox 223 3726 286 3791; x_wconf 90' lang='lat' dir='ltr'><strong>post</strong></span> <span class='ocrx_word' id='word_1_382' title='bbox 298 3723 362 3790; x_wconf 85' lang='lat' dir='ltr'><strong>fuit,</strong></span> <span class='ocrx_word' id='word_1_383' title='bbox 378 3740 464 3792; x_wconf 90' lang='lat' dir='ltr'><strong>eoque</strong></span> <span class='ocrx_word' id='word_1_384' title='bbox 477 3723 507 3775; x_wconf 92' lang='lat' dir='ltr'><strong>in</strong></span> <span class='ocrx_word' id='word_1_385' title='bbox 520 3724 615 3778; x_wconf 87' lang='lat' dir='ltr'><strong>rostris</strong></span> <span class='ocrx_word' id='word_1_386' title='bbox 628 3724 739 3778; x_wconf 87' lang='lat' dir='ltr'><strong>sedente</strong></span> <span class='ocrx_word' id='word_1_387' title='bbox 760 3725 845 3779; x_wconf 89' lang='lat' dir='ltr'><strong>suasit</strong></span> <span class='ocrx_word' id='word_1_388' title='bbox 867 3727 1008 3781; x_wconf 83' lang='lat' dir='ltr'><strong>Serviliam</strong></span> <span class='ocrx_word' id='word_1_389' title='bbox 1031 3729 1121 3798; x_wconf 86' lang='lat' dir='ltr'><strong>legem</strong></span> 
     </span>
    </p>
   </div>
   <div class='ocr_carea' id='block_1_10' title="bbox 0 0 1226 4164">
    <p class='ocr_par' dir='ltr' id='par_1_12' title="bbox 0 0 1226 4164">
     <span class='ocr_line' id='line_1_45' title="bbox 0 0 1226 4164; baseline 0 0"><span class='ocrx_word' id='word_1_390' title='bbox 0 0 1226 4164; x_wconf 95' lang='lat' dir='ltr'><strong> </strong></span> 
     </span>
    </p>
   </div>
  </div>
 </body>
</html>
