2436 4164
155 249 194 326 32
477 283 512 324 rr.
534 279 643 354 rurarr
664 279 832 322 crosaorrs

155 437 262 473 summa
275 420 338 488 fide,
359 419 521 486 constantia,
539 419 702 487 justitiaque
716 421 850 470 servatam
862 413 1011 468 maximam
1024 415 1155 484 gloriam
1211 459 1212 466 ,

155 499 278 631 capilli
325 579 369 631 26.
395 577 468 630 IAEL
493 576 559 628 Vim
572 576 624 628 hoc
637 575 749 643 quidem
762 579 804 628 est
825 575 926 628 afferre.
971 573 1044 637 Quid
1065 573 1153 626 enim

156 657 247 722 refert,
265 673 320 724 qua
336 673 380 708 me
401 656 506 708 ratione
527 655 650 722 cogatisl
690 654 792 722 cogitis
812 659 892 706 certe.
938 652 1043 705 Studiis
1064 653 1152 705 enim
1211 661 1212 690 ³

156 752 327 802 generorum,
343 735 494 802 praesertim
507 735 536 786 in
549 751 579 786 re
598 734 680 799 bona,
703 750 789 800 quum
812 732 921 784 difficile
943 735 994 798 θεὴ,
1020 736 1086 784 tum
1107 749 1150 783 ne

156 831 267 883 aequum
281 813 401 881 quidem,
417 813 554 866 obsistere.

198 892 350 960 Saepissime
363 892 448 959 igitur
470 891 539 944 mihi
559 891 594 943 de
617 891 737 943 amicitia
760 890 901 958 cogitanti,
924 889 1044 942 maxime
1067 889 1148 942 illud

157 971 384 1024 considerandum
397 971 485 1023 videri
498 970 575 1036 solet,
598 987 666 1022 num
686 973 796 1037 propter
815 967 1032 1022 imbecillitatem
1052 973 1147 1036 atque

156 1049 276 1116 inopiam
291 1049 444 1101 desiderata
457 1049 493 1101 sit
506 1048 636 1114 amicitia,
648 1053 681 1100 ut
690 1047 787 1100 dandis
797 1046 1012 1114 recipiendisque
1020 1047 1143 1114 meritis,

158 1128 232 1195 quod
246 1128 362 1195 quisque
375 1128 465 1180 minus
486 1145 535 1196 per
558 1127 586 1179 se
609 1128 667 1194 ipse
690 1131 790 1194 posset,
810 1127 840 1178 id
862 1125 996 1193 acciperet
1016 1126 1052 1177 ab
1072 1127 1142 1192 alio,

157 1206 330 1274 vicissimque
343 1207 469 1258 redderet
484 1225 490 1260 :
511 1224 546 1258 an
560 1210 630 1258 esset
643 1207 694 1258 hoc
708 1205 820 1272 quidem
838 1205 977 1272 proprium
997 1205 1141 1272 amicitiae,

157 1284 206 1336 sed
226 1285 365 1352 antiquior
378 1291 407 1338 θὴ
420 1286 558 1352 pulchrior
571 1289 599 1337 θὴ
612 1284 697 1352 magis
710 1301 727 1336 a
740 1293 839 1336 natura
858 1283 917 1351 ipsa
939 1284 1061 1350 proiecta
1085 1285 1144 1336 alia

157 1380 244 1416 causa.
288 1366 375 1416 Amor
388 1365 470 1430 enim,
485 1382 520 1416 ex
533 1381 588 1432 quo
601 1363 720 1416 amicitia
732 1363 873 1414 nominata
890 1372 941 1428 est,
956 1362 1083 1430 princeps
1098 1369 1143 1415 est

158 1442 193 1494 ad
207 1442 426 1496 benevolentiam
436 1443 662 1510 conjungendam.
692 1442 766 1493 Nam
779 1441 914 1494 utilitates
928 1441 1039 1508 quidem
1054 1442 1142 1495 etiam

87 1545 90 1552 ·
157 1521 192 1572 ab
205 1520 238 1574 iis
252 1522 439 1590 percipiuntur
451 1539 531 1590 saepe,
554 1521 603 1589 qui
622 1520 795 1574 simulatione
815 1519 941 1572 amicitiae
961 1520 1091 1572 coluntur
1112 1526 1142 1573 ct

157 1601 336 1652 observantur
356 1601 485 1668 temporis
505 1618 605 1653 causa:
629 1600 658 1652 iu
681 1599 800 1652 amicitia
826 1603 919 1651 autem
945 1598 1014 1651 nihil
1041 1599 1141 1651 fictum

158 1682 209 1744 cst,
238 1679 308 1731 nihil
329 1679 498 1745 simulatum,
522 1683 560 1744 et,
584 1679 718 1746 quidquid
743 1683 794 1745 est,
819 1677 849 1730 id
872 1681 901 1730 et
924 1682 965 1729 est
988 1695 1086 1730 verum
1110 1684 1141 1731 et

157 1757 351 1810 voluntarium
398 1758 442 1814 27.
467 1757 667 1825 Quaproptera
687 1761 786 1809 natura
809 1756 877 1808 mihi
898 1756 1009 1809 videtur
1031 1757 1136 1824 potius,

158 1852 242 1902 quam
255 1837 290 1888 ab
303 1835 464 1904 indigentia,
480 1841 540 1891 orta
553 1835 680 1901 amicitia,
695 1835 875 1904 applicatione
888 1835 973 1902 magis
981 1835 1066 1887 animi
1074 1854 1140 1888 cum

158 1915 278 1980 quodam
305 1931 386 1966 sensu
412 1915 532 1982 amandi,
556 1931 639 1982 quam
660 1915 833 1982 cogitatione,
864 1918 999 1982 quantum
1026 1914 1075 1967 illa
1096 1933 1139 1966 res

158 1993 288 2045 utilitatis
312 1998 383 2046 essct
405 1993 540 2047 habitura.
584 1991 664 2056 Quod
687 1993 798 2061 quidem
825 1993 905 2060 quale
928 1993 974 2059 sit,
1000 1993 1084 2045 etiam
1107 1994 1138 2045 in

159 2071 253 2123 bestiis
280 2073 444 2139 quibusdam
470 2071 652 2124 animadverti
674 2075 774 2139 potest,
801 2089 863 2138 quae
887 2088 921 2122 ex
943 2089 971 2122 se
994 2076 1074 2124 natos
1097 2073 1138 2124 ita

159 2155 252 2202 amant
265 2152 300 2203 ud
324 2151 463 2218 quoddam
485 2155 603 2219 tempus,
624 2155 652 2204 et
673 2151 708 2202 ab
728 2151 766 2203 eis
783 2150 823 2202 ita
846 2153 982 2216 amantur,
1001 2153 1035 2202 ut
1058 2151 1137 2204 facile

158 2245 251 2280 aarum
265 2245 357 2282 sensus
370 2233 505 2298 appareat.
550 2229 630 2293 Quod
642 2230 672 2281 in
684 2230 794 2282 homine
807 2229 895 2280 multo
909 2233 951 2280 θεὴ
964 2229 1117 2282 evidentius
1129 2250 1137 2293 ;

158 2307 277 2374 primum
290 2325 324 2358 ex
338 2325 370 2360 ea
382 2309 505 2374 caritate,
522 2325 584 2375 quae
605 2312 647 2360 est
666 2308 739 2360 inter
759 2312 839 2360 natos
857 2311 886 2359 θὴ
908 2311 1053 2374 parentes;
1073 2326 1136 2376 quae

158 2385 258 2450 dirimi,
273 2385 326 2437 nisi
340 2386 496 2438 detestabili
509 2386 616 2452 scelere,
633 2402 689 2437 non
698 2391 788 2453 potest
801 2405 807 2449 ;
821 2385 929 2452 deinde,
945 2403 1031 2454 quum
1041 2387 1136 2440 similis

123 2484 127 2492 ·
158 2480 252 2514 sensus
265 2464 372 2516 exstitit
386 2465 493 2531 amoris,
510 2465 533 2516 si
546 2464 665 2532 aliquem
678 2465 752 2516 nacti
764 2481 865 2531 sumus,
883 2465 960 2532 cujus
974 2481 1035 2516 cum
1056 2468 1135 2518 mori-

158 2541 210 2594 bus
230 2545 259 2593 et
278 2547 377 2594 natura
398 2559 588 2610 congruamus,
610 2543 684 2610 quod
702 2543 731 2595 in
753 2560 785 2596 eo
809 2543 888 2610 quasi
910 2543 1004 2595 lumen
1025 2544 1131 2610 aliquod

158 2621 303 2686 probitatis
317 2624 345 2673 ct
360 2621 471 2674 virtutis
484 2623 635 2689 perspicere
649 2621 796 2674 videamur.
844 2624 888 2675 28.
913 2621 993 2674 Nihil
1006 2627 1048 2674 θεὴ
1062 2623 1133 2674 enirn

158 2699 262 2750 virtute
286 2699 447 2753 amabilius:
472 2700 551 2766 nihil,
577 2700 652 2767 quod
673 2701 757 2768 magis
777 2700 879 2752 alliciat
899 2700 935 2752 ad
956 2701 1130 2768 diligendum,

158 2777 259 2844 quippe
273 2794 368 2844 quum,
383 2782 494 2846 propter
507 2778 639 2831 virtutem
656 2783 684 2831 et
704 2778 876 2846 probitatem,
899 2778 983 2830 etiam
1002 2796 1048 2832 eos
1067 2797 1133 2847 quos

158 2872 299 2922 nunquam
315 2857 440 2924 vidimus,
458 2857 577 2924 quodam
590 2858 672 2910 modo
685 2858 837 2924 diligamus.
881 2855 948 2920 Quis
968 2861 1019 2924 est,
1041 2859 1087 2925 qui
1101 2859 1128 2912 0.

158 2933 285 3000 Fabricii,
296 2934 349 2988 M.'
361 2936 436 2987 Ourii
448 2954 504 2989 non
518 2953 580 2989 cum
594 2937 706 2988 caritate
720 2936 812 3004 aliqua
825 2935 1023 2988 benevolentiae
1037 2953 1131 2989 memo-

158 3012 227 3064 riam
249 3017 370 3080 usurpet,
398 3031 467 3082 quos
490 3031 632 3082 nunquam
656 3014 777 3067 viderit?
817 3013 884 3076 Quis
900 3018 993 3067 autem
1014 3019 1063 3082 est,
1086 3017 1131 3082 qui

158 3090 337 3157 Tarquinium
363 3092 516 3166 Superbum
543 3093 592 3161 qui
615 3093 659 3160 Sp.
686 3093 816 3159 Cassium,
848 3093 891 3161 Sp.
926 3093 1052 3145 Maelium
1079 3111 1131 3147 non

159 3168 269 3221 oderitl
308 3170 377 3222 Oum
391 3171 497 3223 duobus
511 3171 625 3224 ducibus
639 3172 674 3224 de
687 3172 800 3239 imperio
814 3172 843 3223 in
864 3171 947 3224 Italia
967 3172 1129 3225 decertatum

158 3251 207 3313 θεὴ,
225 3247 331 3314 Pyrrho
345 3253 373 3300 et
387 3249 564 3304 Hannibale:
585 3251 620 3302 ab
639 3251 733 3316 altero,
751 3255 861 3318 propter
880 3250 1045 3316 probitatem
1064 3251 1128 3318 ejus,

157 3342 214 3378 non
227 3327 309 3379 nimis
318 3327 531 3381 alienosanimos
541 3329 687 3394 habemus;
702 3329 818 3382 alterum
825 3332 938 3397 propter
947 3330 1130 3382 crudelitatem

158 3421 263 3473 semper
275 3406 334 3458 haec
347 3407 442 3460 civitas
455 3409 549 3462 oderit

197 3483 248 3537 IX
295 3487 340 3539 29.
365 3486 445 3549 Quod
459 3487 482 3538 si
495 3491 574 3542 tanta
587 3487 629 3540 vis
642 3487 786 3555 probitatis
799 3490 849 3553 est,
865 3491 898 3540 ut
912 3503 973 3540 eam
986 3488 1030 3540 vel
1043 3487 1127 3556 ineis,

159 3578 227 3614 nuos
240 3580 382 3631 nunquam
394 3565 523 3633 vidimus,
545 3563 598 3634 vel,
621 3566 696 3635 quod
716 3566 805 3633 majus
827 3569 878 3632 est,
901 3565 931 3618 in
955 3567 1034 3618 hoste
1053 3567 1130 3620 etiam

181 3640 321 3708 ligamus:
342 3644 410 3713 quid
423 3644 531 3712 mirum,
555 3645 578 3698 si
597 3645 682 3696 animi
702 3644 845 3696 hominum
868 3650 1030 3696 moveantur
1050 3661 1128 3712 quum
1184 3687 1186 3692 .

197 3736 262 3787 urm,
285 3721 450 3788 quibuscum
476 3741 527 3776 usu
549 3723 689 3791 conjuncti
712 3740 770 3775 θεεθ
799 3727 923 3791 possunt,
954 3723 1083 3775 virtutem
1101 3729 1127 3776 et
