2436 4164
521 309 653 350 ssuros.
1037 295 1074 354 79

98 447 175 501 focile
188 447 274 516 possit
286 448 368 515 tueri,
384 451 533 516 aetatesque
546 452 652 518 vestrm,
667 452 700 501 ut
717 447 836 516 illorum,
856 449 925 502 nihil
948 453 997 502 eut
1015 467 1075 518 pon

97 527 154 579 iere
167 528 286 579 multum
299 528 438 581 differunt.

137 605 212 658 XLI.
258 607 323 658 151.
347 605 385 658 Et
398 623 455 673 ego,
467 606 509 658 De
522 623 575 672 me,
584 605 706 672 inquam,
722 605 810 658 dicere
823 605 892 659 nihil
903 610 943 659 est
954 624 1074 672 necesse;

96 683 132 736 de
157 683 251 736 Servio
274 689 367 736 sutem
388 689 417 737 et
439 689 473 736 111
493 685 576 752 prebe
599 684 667 736 dicis
680 689 709 737 et
722 702 771 752 ego
785 685 873 738 dicem
887 685 961 753 quod
975 685 1070 739 sentio.

97 763 127 814 N
127 779 164 814 on
178 763 251 814 enim
264 763 342 815 facile
356 780 438 830 quem
451 763 567 815 dixerim
580 763 642 830 plus
656 763 741 814 studii
755 780 836 831 quam
850 764 928 816 illum
942 767 969 815 et
983 764 1018 816 ed
1033 763 1073 815 di-

96 841 215 893 cendum
238 845 266 893 et
287 842 323 894 sd
346 859 440 894 omnes
463 842 596 894 bonarum
618 859 709 894 rerum
731 842 887 910 disciplinas
909 842 1070 896 adhibuisse.

96 919 172 972 Nam
199 923 227 971 et
250 920 279 972 in
302 921 398 972 iisdem
421 920 662 972 exercitationibus
684 920 797 972 ineunte
818 924 899 973 estate
912 921 1023 987 fuimus,
1047 925 1075 972 et

95 1003 193 1066 postes
206 1015 261 1050 uns
275 999 405 1054 Rhodum
417 999 463 1051 ille
476 999 560 1050 etiam
572 999 709 1066 profectus
722 1002 772 1064 est,
788 1015 843 1067 quo
856 999 952 1051 melior
965 1003 1034 1051 esset
1048 1003 1076 1050 et

94 1077 212 1143 doctior,
227 1081 256 1129 et
269 1077 333 1129 inde
346 1082 379 1129 ut
392 1077 482 1143 rediit,
498 1077 607 1129 videtur
620 1077 688 1128 mihi
700 1077 729 1129 in
750 1077 868 1130 secunde
891 1082 949 1130 erte
972 1077 1076 1146 primus

95 1172 155 1208 esse
178 1154 305 1208 moluisse
328 1173 411 1224 quem
433 1156 463 1207 in
484 1156 572 1222 prims
594 1156 736 1208 secundus
780 1157 872 1224 Atque
885 1157 959 1208 houd
973 1156 1027 1208 scio
1041 1173 1076 1208 an

95 1251 147 1301 par
159 1233 326 1301 principibus
339 1251 396 1286 esse
409 1235 543 1302 potuisset
557 1254 564 1297 ;
584 1235 630 1286 sed
645 1235 759 1287 fortasse
773 1235 879 1301 maluit,
899 1235 928 1287 id
948 1235 1021 1302 quod
1035 1239 1077 1286 est

96 1313 224 1380 adeptus,
238 1313 319 1380 longe
332 1313 454 1365 omnium
467 1329 523 1364 non
542 1313 665 1380 ejusdem
688 1314 769 1366 modo
792 1314 888 1380 estatis,
914 1313 961 1366 sed
982 1330 1076 1365 eorum

95 1391 183 1444 etism
205 1391 254 1459 qui
279 1392 404 1458 fuissent,
429 1392 459 1444 in
481 1392 545 1460 jure
571 1392 645 1444 civili
670 1409 727 1443 esse
748 1392 878 1460 princeps.
924 1393 988 1444 152.
1023 1391 1078 1443 Hic

97 1471 212 1536 Brutus,
229 1470 284 1522 Ain
298 1470 351 1522 tui
368 1471 461 1537 inquit
474 1489 480 1524 :
500 1471 618 1523 etiamne
632 1469 663 1533 Q.
681 1469 808 1522 Scaevolae
818 1470 941 1522 Servium
954 1474 1079 1522 nostrum

96 1548 266 1616 anteponis?
305 1549 350 1601 Sic
372 1549 455 1615 enim,
480 1548 603 1616 inquam,
623 1548 718 1616 Brute,
742 1549 879 1615 existimo,
899 1549 970 1616 juris
992 1548 1078 1600 civilis

97 1645 232 1695 magnum
243 1644 326 1679 usum
339 1632 368 1680 et
381 1628 454 1695 opud
469 1627 618 1680 Seaevolum
631 1631 659 1679 et
679 1627 751 1694 spnd
766 1628 868 1680 multos
881 1627 973 1694 fuisse,
992 1631 1079 1678 artem

99 1707 131 1759 in
144 1706 198 1758 hoc
210 1723 286 1769 uno;
306 1707 380 1774 quod
393 1723 536 1774 nunquam
549 1706 679 1758 effecisset
691 1705 777 1773 ipsius
794 1706 865 1774 juris
887 1706 1008 1772 scientis,
1027 1705 1081 1758 nisi

100 1801 164 1838 eam
185 1789 316 1852 praeteres
338 1785 477 1838 didicisset
503 1789 599 1852 artem,
625 1801 687 1852 quie
713 1785 821 1838 doceret
845 1802 902 1836 rem
925 1785 1080 1836 universam

101 1864 224 1916 tribuere
247 1864 277 1916 in
302 1867 402 1932 portes,
430 1864 562 1916 latentem
588 1863 721 1930 explicare
747 1863 911 1930 definiendo,
940 1863 1082 1916 obscuram

101 1943 250 2012 explanare
262 1943 489 2010 interpretand03
508 1942 635 2010 ambigua
646 1942 766 2009 primum
783 1942 884 2008 videre,
910 1941 1008 1994 deinde
1029 1941 1082 1994 dis-

101 2022 252 2088 unguem
272 2026 409 2089 postremo
417 2021 516 2074 hebere
529 2021 660 2088 regulam,
676 2038 731 2088 qus
751 2037 815 2074 vera
838 2025 867 2074 et
889 2021 958 2073 falsa
977 2020 1083 2088 judice-

102 2104 212 2167 rentur,
227 2104 257 2152 et
279 2117 342 2167 quse
365 2100 464 2167 quibus
487 2099 632 2168 propositis
649 2103 746 2165 essent,
764 2115 881 2167 quosque
904 2116 960 2150 non
981 2101 1081 2162 essent,

103 2179 309 2246 consequentis
359 2181 423 2232 153.
448 2179 503 2231 Hic
529 2179 604 2230 enim
629 2178 725 2230 attulit
751 2177 822 2230 hene
848 2182 936 2230 artem
962 2177 1085 2229 omnium
1157 2237 1160 2242 ¹

103 2257 211 2310 mium
223 2257 379 2322 maximam,
395 2258 473 2325 qussi
486 2257 583 2323 lucem,
599 2257 635 2309 sd
648 2273 689 2321 ea,
704 2273 767 2324 quse
780 2256 891 2308 confuse
904 2256 939 2307 ab
953 2255 1012 2308 aliis
1034 2259 1085 2317 aut

103 2335 343 2403 respondebantur
355 2342 404 2388 eut
416 2336 573 2403 agebantur.
616 2335 793 2388 Disiecticom
802 2334 870 2387 mihi
879 2334 977 2386 videris
987 2334 1082 2398 dicere,

103 2413 209 2482 inquit.

148 2492 241 2546 XLIL
265 2493 358 2558 Recte,
374 2493 497 2560 inquam,
512 2491 642 2560 intelligis
655 2512 663 2557 ;
683 2491 731 2544 sed
744 2491 873 2560 adjunxit
886 2492 970 2544 etism
990 2494 1019 2543 et
1042 2489 1086 2542 lit-

103 2576 232 2624 terarum
245 2572 386 2623 scientium
398 2576 427 2624 et
434 2571 566 2638 loquendi
577 2571 749 2638 elegantiam,
765 2588 827 2638 quae
848 2587 883 2622 ex
896 2570 1003 2636 scriptis
1016 2568 1085 2636 ejus,

103 2666 229 2718 quornm
255 2651 354 2702 similis
379 2650 456 2703 nulls
481 2654 557 2716 sunt,
581 2650 710 2702 facillime
736 2649 851 2718 perspici
876 2652 974 2716 potest.
1019 2649 1083 2699 154.

103 2729 236 2796 Cumque
249 2728 372 2780 discendi
384 2745 465 2781 ceusu
477 2729 585 2781 duobus
596 2728 766 2796 peritissimis
779 2743 888 2795 operam
909 2725 1037 2790 dedisset,
1054 2725 1083 2776 L

104 2807 217 2860 Lucilio
230 2807 318 2859 Balbo
331 2811 360 2859 et
374 2807 403 2860 Ο.
420 2807 533 2875 Aquilio
546 2806 637 2873 Gallo,
652 2806 735 2870 Galli,
747 2805 865 2858 hominis
878 2805 952 2856 scisti
965 2808 994 2856 et
1013 2820 1088 2854 exer-

104 2886 199 2952 citati,
214 2889 369 2952 promptam
381 2889 410 2938 et
419 2891 541 2954 perstem
553 2885 584 2937 in
596 2881 701 2952 Qendo
714 2889 743 2936 et
755 2885 785 2936 in
798 2883 985 2950 respondendo
999 2882 1089 2934 eeleri-

103 2969 199 3018 tatem
212 2963 365 3016 subtilitate
378 2959 575 3032 diligentiaque
587 2963 745 3031 superavit3
765 2961 844 3015 Balbi
857 2962 932 3013 docti
945 2965 974 3014 et
987 2959 1089 3013 eruditi

104 3043 240 3109 1101111111,
255 3043 285 3094 in
298 3047 415 3110 1111111111
422 3059 452 3094 re
462 3042 658 3095 consideratam
668 3041 827 3094 tarditatem
835 3039 903 3092 vicit
915 3038 1090 3108 exmdiendis

103 3121 340 3188 conficiendisque
353 3121 434 3173 rebus
447 3139 454 3175 :
474 3121 513 3174 sic
525 3125 554 3173 et
566 3121 659 3187 hebet,
670 3119 745 3188 qnod
755 3123 871 3185 uterque
879 3135 973 3170 eorum
983 3116 1088 3179 hebuit,

104 3206 139 3252 et
154 3200 286 3266 explevit,
302 3200 378 3266 quod
390 3200 500 3267 utrique
514 3199 609 3252 defirit
655 3201 723 3253 155.
745 3197 843 3266 Itaque
853 3201 886 3249 ut
899 3197 1010 3248 (11111111
1024 3194 1091 3245 mihi

104 3279 226 3332 videtur
251 3278 400 3346 sapientius
425 3279 520 3331 fecisse
546 3295 629 3345 quem
655 3276 869 3330 Scaevols-hic
900 3274 972 3326 enim
998 3289 1091 3324 canses

104 3357 236 3410 studiose
261 3357 417 3424 recipiebat,
445 3357 476 3408 in
496 3356 597 3424 quibus
617 3373 635 3408 s
654 3356 750 3408 Crasso
774 3353 973 3422 superabatur3
993 3351 1039 3402 ille
1063 3367 1091 3402 se

105 3436 221 3488 consuli
233 3435 352 3500 nolebat,
368 3452 404 3487 ne
413 3451 469 3502 quo
481 3435 511 3486 in
523 3451 553 3486 re
565 3435 677 3487 inferior
697 3438 768 3486 esset
790 3449 873 3500 quam
895 3429 1092 3483 Scaevola—sic

105 3513 226 3566 Servius
238 3513 436 3580 sapientissime
450 3533 458 3577 ;
489 3529 552 3565 cum
565 3513 628 3565 duae
641 3513 735 3565 civiles
747 3517 819 3564 artes
832 3527 863 3562 ec
876 3510 996 3560 forenses
1009 3507 1092 3576 pluri-

105 3608 191 3644 mum
204 3595 235 3643 et
247 3591 337 3644 laudis
349 3591 491 3658 heberent,
506 3596 536 3644 et
548 3591 652 3658 gratiae,
667 3591 780 3658 perfecit
793 3593 827 3641 ut
844 3589 931 3640 alters
951 3590 1093 3654 praestaret

104 3670 251 3736 omnibus,
276 3686 312 3721 ex
333 3670 420 3722 slters
442 3675 554 3722 tentum
576 3673 733 3736 assumeret,
758 3671 894 3736 quantum
917 3669 988 3717 esset
1012 3669 1040 3716 et
1057 3663 1094 3716 ad

104 3747 249 3802 tuendum
268 3747 317 3816 jus
339 3749 418 3801 civile
441 3753 470 3801 et
493 3748 528 3801 sd
552 3748 728 3800 obtinendem
749 3745 918 3800 consulerem
931 3743 1093 3811 dignitatem
1180 3783 1184 3807 ,
