<?xml version="1.0" encoding="UTF-8"?>
<!DOCTYPE html PUBLIC "-//W3C//DTD XHTML 1.0 Transitional//EN"
    "http://www.w3.org/TR/xhtml1/DTD/xhtml1-transitional.dtd">
<html xmlns="http://www.w3.org/1999/xhtml" xml:lang="en" lang="en">
 <head>
  <title>
</title>
<meta http-equiv="Content-Type" content="text/html;charset=utf-8" />
  <meta name='ocr-system' content='tesseract 3.04.00' />
  <meta name='ocr-capabilities' content='ocr_page ocr_carea ocr_par ocr_line ocrx_word'/>
</head>
<body>
  <div class='ocr_page' id='page_1' title='image "./catomajorlacliu00cicegoog_0062.png"; bbox 0 0 2436 4164; ppageno 0'>
   <div class='ocr_carea' id='block_1_1' title="bbox 526 303 1081 376">
    <p class='ocr_par' dir='ltr' id='par_1_1' title="bbox 526 303 1081 376">
     <span class='ocr_line' id='line_1_1' title="bbox 526 303 1081 376; baseline 0.013 -7"><span class='ocrx_word' id='word_1_1' title='bbox 526 327 655 371; x_wconf 77' lang='lat' dir='ltr'><strong>namus.</strong></span> <span class='ocrx_word' id='word_1_2' title='bbox 717 303 724 315; x_wconf 69' lang='lat'><strong>¹</strong></span> <span class='ocrx_word' id='word_1_3' title='bbox 1043 321 1081 376; x_wconf 82' lang='lat'><strong>49</strong></span> 
     </span>
    </p>
   </div>
   <div class='ocr_carea' id='block_1_2' title="bbox 99 465 1084 615">
    <p class='ocr_par' dir='ltr' id='par_1_2' title="bbox 99 465 1084 615">
     <span class='ocr_line' id='line_1_2' title="bbox 104 465 1084 537; baseline 0.004 -18"><span class='ocrx_word' id='word_1_4' title='bbox 104 467 200 520; x_wconf 72' lang='lat' dir='ltr'><strong>vidisse</strong></span> <span class='ocrx_word' id='word_1_5' title='bbox 214 465 347 520; x_wconf 86' lang='lat' dir='ltr'><strong>videatur.</strong></span> <span class='ocrx_word' id='word_1_6' title='bbox 392 466 466 530; x_wconf 84' lang='lat' dir='ltr'><strong>Quid</strong></span> <span class='ocrx_word' id='word_1_7' title='bbox 479 471 572 519; x_wconf 90' lang='lat' dir='ltr'><strong>autem</strong></span> <span class='ocrx_word' id='word_1_8' title='bbox 584 467 701 535; x_wconf 87' lang='lat' dir='ltr'><strong>turpius,</strong></span> <span class='ocrx_word' id='word_1_9' title='bbox 717 486 801 537; x_wconf 89' lang='lat' dir='ltr'><strong>quam</strong></span> <span class='ocrx_word' id='word_1_10' title='bbox 813 469 916 522; x_wconf 77' lang='lat' dir='ltr'><strong>illudit</strong></span> <span class='ocrx_word' id='word_1_11' title='bbox 957 469 1036 534; x_wconf 90' lang='lat' dir='ltr'><strong>Quod</strong></span> <span class='ocrx_word' id='word_1_12' title='bbox 1053 475 1084 523; x_wconf 90' lang='lat' dir='ltr'><strong>ut</strong></span> 
     </span>
     <span class='ocr_line' id='line_1_3' title="bbox 99 546 745 615; baseline 0.005 -17"><span class='ocrx_word' id='word_1_13' title='bbox 99 563 136 598; x_wconf 86' lang='lat' dir='ltr'><strong>nc</strong></span> <span class='ocrx_word' id='word_1_14' title='bbox 149 546 264 612; x_wconf 86' lang='lat' dir='ltr'><strong>accidat,</strong></span> <span class='ocrx_word' id='word_1_15' title='bbox 279 546 432 598; x_wconf 89' lang='lat' dir='ltr'><strong>cavendum</strong></span> <span class='ocrx_word' id='word_1_16' title='bbox 445 550 496 612; x_wconf 87' lang='lat' dir='ltr'><strong>est,</strong></span> <span class='ocrx_word' id='word_1_17' title='bbox 511 551 544 598; x_wconf 90' lang='lat' dir='ltr'><strong>ut</strong></span> <span class='ocrx_word' id='word_1_18' title='bbox 558 546 588 598; x_wconf 90' lang='lat' dir='ltr'><strong>in</strong></span> <span class='ocrx_word' id='word_1_19' title='bbox 601 547 745 615; x_wconf 82' lang='lat' dir='ltr'><strong>Epiclero:</strong></span> 
     </span>
    </p>
   </div>
   <div class='ocr_carea' id='block_1_3' title="bbox 324 670 869 796">
    <p class='ocr_par' dir='ltr' id='par_1_3' title="bbox 324 670 869 796">
     <span class='ocr_line' id='line_1_4' title="bbox 324 670 869 722; baseline 0.006 -5"><span class='ocrx_word' id='word_1_20' title='bbox 324 670 403 719; x_wconf 77' lang='lat' dir='ltr'><strong>Hodie</strong></span> <span class='ocrx_word' id='word_1_21' title='bbox 413 685 449 718; x_wconf 77' lang='lat' dir='ltr'><strong>aaa</strong></span> <span class='ocrx_word' id='word_1_22' title='bbox 459 679 514 718; x_wconf 80' lang='lat' dir='ltr'><strong>cate</strong></span> <span class='ocrx_word' id='word_1_23' title='bbox 524 686 601 718; x_wconf 72' lang='lat' dir='ltr'><strong>cmm</strong></span> <span class='ocrx_word' id='word_1_24' title='bbox 610 671 706 720; x_wconf 62' lang='lat' dir='ltr'><strong>combas</strong></span> <span class='ocrx_word' id='word_1_25' title='bbox 716 672 797 720; x_wconf 68' lang='lat' dir='ltr'><strong>erutos</strong></span> <span class='ocrx_word' id='word_1_26' title='bbox 807 687 869 722; x_wconf 73' lang='lat' dir='ltr'><strong>seua</strong></span> 
     </span>
     <span class='ocr_line' id='line_1_5' title="bbox 330 735 807 796; baseline 0.008 -16"><span class='ocrx_word' id='word_1_27' title='bbox 330 735 436 782; x_wconf 72' lang='lat' dir='ltr'><strong>Verteris</strong></span> <span class='ocrx_word' id='word_1_28' title='bbox 446 742 516 796; x_wconf 71' lang='lat' dir='ltr'><strong>atque</strong></span> <span class='ocrx_word' id='word_1_29' title='bbox 526 735 658 783; x_wconf 65' lang='lat' dir='ltr'><strong>camnis</strong></span> <span class='ocrx_word' id='word_1_30' title='bbox 669 735 807 785; x_wconf 70' lang='lat' dir='ltr'><strong>luatbsime.</strong></span> 
     </span>
    </p>
   </div>
   <div class='ocr_carea' id='block_1_4' title="bbox 97 859 1085 3772">
    <p class='ocr_par' dir='ltr' id='par_1_4' title="bbox 98 859 1083 1322">
     <span class='ocr_line' id='line_1_6' title="bbox 101 859 1082 929; baseline 0.001 -16"><span class='ocrx_word' id='word_1_31' title='bbox 101 862 167 915; x_wconf 87' lang='lat'>100.</span> <span class='ocrx_word' id='word_1_32' title='bbox 194 860 264 912; x_wconf 86' lang='lat' dir='ltr'><strong>Haeo</strong></span> <span class='ocrx_word' id='word_1_33' title='bbox 276 861 350 912; x_wconf 89' lang='lat' dir='ltr'><strong>enim</strong></span> <span class='ocrx_word' id='word_1_34' title='bbox 363 859 447 912; x_wconf 90' lang='lat' dir='ltr'><strong>etiam</strong></span> <span class='ocrx_word' id='word_1_35' title='bbox 460 859 489 911; x_wconf 92' lang='lat' dir='ltr'><strong>in</strong></span> <span class='ocrx_word' id='word_1_36' title='bbox 502 859 604 912; x_wconf 78' lang='lat' dir='ltr'><strong>fabulis</strong></span> <span class='ocrx_word' id='word_1_37' title='bbox 618 859 780 912; x_wconf 87' lang='lat' dir='ltr'><strong>stultissima</strong></span> <span class='ocrx_word' id='word_1_38' title='bbox 792 877 908 928; x_wconf 91' lang='lat' dir='ltr'><strong>persona</strong></span> <span class='ocrx_word' id='word_1_39' title='bbox 921 864 963 914; x_wconf 91' lang='lat' dir='ltr'><strong>est</strong></span> <span class='ocrx_word' id='word_1_40' title='bbox 983 861 1082 929; x_wconf 90' lang='lat' dir='ltr'><strong>impro-</strong></span> 
     </span>
     <span class='ocr_line' id='line_1_7' title="bbox 99 937 1082 1008; baseline 0.004 -19"><span class='ocrx_word' id='word_1_41' title='bbox 99 940 228 992; x_wconf 90' lang='lat' dir='ltr'><strong>vidorum</strong></span> <span class='ocrx_word' id='word_1_42' title='bbox 248 943 276 991; x_wconf 90' lang='lat' dir='ltr'><strong>et</strong></span> <span class='ocrx_word' id='word_1_43' title='bbox 297 939 468 992; x_wconf 86' lang='lat' dir='ltr'><strong>credulorum</strong></span> <span class='ocrx_word' id='word_1_44' title='bbox 492 955 596 990; x_wconf 74' lang='lat' dir='ltr'><strong>sonuum.</strong></span> <span class='ocrx_word' id='word_1_45' title='bbox 640 937 705 998; x_wconf 78' lang='lat' dir='ltr'><strong>Sed.</strong></span> <span class='ocrx_word' id='word_1_46' title='bbox 729 939 821 991; x_wconf 89' lang='lat' dir='ltr'><strong>nescio</strong></span> <span class='ocrx_word' id='word_1_47' title='bbox 848 956 903 1007; x_wconf 92' lang='lat' dir='ltr'><strong>quo</strong></span> <span class='ocrx_word' id='word_1_48' title='bbox 930 955 1021 1008; x_wconf 78' lang='lat' dir='ltr'><strong>pacto,</strong></span> <span class='ocrx_word' id='word_1_49' title='bbox 1047 941 1082 993; x_wconf 90' lang='lat' dir='ltr'><strong>ab</strong></span> 
     </span>
     <span class='ocr_line' id='line_1_8' title="bbox 98 1016 1083 1087; baseline 0.002 -17"><span class='ocrx_word' id='word_1_50' title='bbox 98 1018 226 1071; x_wconf 76' lang='lat' dir='ltr'><strong>amicitiis</strong></span> <span class='ocrx_word' id='word_1_51' title='bbox 239 1019 421 1086; x_wconf 82' lang='lat' dir='ltr'><strong>perfectorum</strong></span> <span class='ocrx_word' id='word_1_52' title='bbox 441 1017 593 1084; x_wconf 87' lang='lat' dir='ltr'><strong>hominum,</strong></span> <span class='ocrx_word' id='word_1_53' title='bbox 613 1016 642 1070; x_wconf 94' lang='lat' dir='ltr'><strong>id</strong></span> <span class='ocrx_word' id='word_1_54' title='bbox 656 1029 707 1084; x_wconf 85' lang='lat' dir='ltr'><strong>est,</strong></span> <span class='ocrx_word' id='word_1_55' title='bbox 722 1019 888 1086; x_wconf 87' lang='lat' dir='ltr'><strong>sapientium</strong></span> <span class='ocrx_word' id='word_1_56' title='bbox 898 1018 944 1087; x_wconf 91' lang='lat' dir='ltr'><strong>(dc</strong></span> <span class='ocrx_word' id='word_1_57' title='bbox 958 1019 1008 1072; x_wconf 88' lang='lat' dir='ltr'><strong>hac</strong></span> <span class='ocrx_word' id='word_1_58' title='bbox 1022 1019 1083 1072; x_wconf 92' lang='lat' dir='ltr'><strong>dico</strong></span> 
     </span>
     <span class='ocr_line' id='line_1_9' title="bbox 99 1096 1083 1166; baseline 0.002 -16"><span class='ocrx_word' id='word_1_59' title='bbox 99 1098 242 1165; x_wconf 73' lang='lat' dir='ltr'><strong>sapientia,</strong></span> <span class='ocrx_word' id='word_1_60' title='bbox 269 1115 331 1165; x_wconf 86' lang='lat' dir='ltr'><strong>quae</strong></span> <span class='ocrx_word' id='word_1_61' title='bbox 352 1097 463 1150; x_wconf 89' lang='lat' dir='ltr'><strong>videtur</strong></span> <span class='ocrx_word' id='word_1_62' title='bbox 483 1097 513 1149; x_wconf 90' lang='lat' dir='ltr'><strong>in</strong></span> <span class='ocrx_word' id='word_1_63' title='bbox 535 1097 673 1148; x_wconf 91' lang='lat' dir='ltr'><strong>hominem</strong></span> <span class='ocrx_word' id='word_1_64' title='bbox 701 1096 796 1149; x_wconf 88' lang='lat' dir='ltr'><strong>cadere</strong></span> <span class='ocrx_word' id='word_1_65' title='bbox 823 1098 920 1166; x_wconf 86' lang='lat' dir='ltr'><strong>posse),</strong></span> <span class='ocrx_word' id='word_1_66' title='bbox 946 1099 982 1150; x_wconf 87' lang='lat' dir='ltr'><strong>ad</strong></span> <span class='ocrx_word' id='word_1_67' title='bbox 1009 1099 1083 1152; x_wconf 89' lang='lat' dir='ltr'><strong>leves</strong></span> 
     </span>
     <span class='ocr_line' id='line_1_10' title="bbox 98 1174 1081 1245; baseline 0.004 -17"><span class='ocrx_word' id='word_1_68' title='bbox 98 1176 232 1229; x_wconf 75' lang='lat' dir='ltr'><strong>amicitias</strong></span> <span class='ocrx_word' id='word_1_69' title='bbox 244 1177 362 1229; x_wconf 83' lang='lat' dir='ltr'><strong>defluxit</strong></span> <span class='ocrx_word' id='word_1_70' title='bbox 375 1175 469 1229; x_wconf 91' lang='lat' dir='ltr'><strong>oratio.</strong></span> <span class='ocrx_word' id='word_1_71' title='bbox 514 1174 696 1239; x_wconf 73' lang='lat' dir='ltr'><strong>Quamobrem</strong></span> <span class='ocrx_word' id='word_1_72' title='bbox 715 1176 750 1228; x_wconf 91' lang='lat' dir='ltr'><strong>ad</strong></span> <span class='ocrx_word' id='word_1_73' title='bbox 770 1175 818 1228; x_wconf 91' lang='lat' dir='ltr'><strong>illa</strong></span> <span class='ocrx_word' id='word_1_74' title='bbox 830 1177 918 1244; x_wconf 83' lang='lat' dir='ltr'><strong>prima</strong></span> <span class='ocrx_word' id='word_1_75' title='bbox 930 1177 1081 1245; x_wconf 81' lang='lat' dir='ltr'><strong>redeamus,</strong></span> 
     </span>
     <span class='ocr_line' id='line_1_11' title="bbox 99 1254 632 1322; baseline 0.002 -15"><span class='ocrx_word' id='word_1_76' title='bbox 99 1272 187 1322; x_wconf 91' lang='lat' dir='ltr'><strong>eaque</strong></span> <span class='ocrx_word' id='word_1_77' title='bbox 199 1255 257 1322; x_wconf 86' lang='lat' dir='ltr'><strong>ipsa</strong></span> <span class='ocrx_word' id='word_1_78' title='bbox 270 1255 464 1308; x_wconf 88' lang='lat' dir='ltr'><strong>concludamus</strong></span> <span class='ocrx_word' id='word_1_79' title='bbox 477 1254 632 1322; x_wconf 88' lang='lat' dir='ltr'><strong>aliquando.</strong></span> 
     </span>
    </p>

    <p class='ocr_par' dir='ltr' id='par_1_5' title="bbox 97 1333 1085 3772">
     <span class='ocr_line' id='line_1_12' title="bbox 140 1333 1080 1402; baseline 0.002 -16"><span class='ocrx_word' id='word_1_80' title='bbox 140 1333 263 1388; x_wconf 90' lang='lat' dir='ltr'>XXVII.</span> <span class='ocrx_word' id='word_1_81' title='bbox 308 1334 415 1400; x_wconf 80' lang='lat' dir='ltr'><strong>Virtus,</strong></span> <span class='ocrx_word' id='word_1_82' title='bbox 430 1333 525 1400; x_wconf 85' lang='lat' dir='ltr'><strong>virtus,</strong></span> <span class='ocrx_word' id='word_1_83' title='bbox 541 1334 663 1401; x_wconf 62' lang='lat' dir='ltr'><strong>inquam</strong></span> <span class='ocrx_word' id='word_1_84' title='bbox 680 1333 708 1387; x_wconf 81' lang='lat'><strong>0.</strong></span> <span class='ocrx_word' id='word_1_85' title='bbox 726 1333 823 1402; x_wconf 82' lang='lat' dir='ltr'><strong>Fanni,</strong></span> <span class='ocrx_word' id='word_1_86' title='bbox 839 1338 868 1386; x_wconf 90' lang='lat' dir='ltr'><strong>et</strong></span> <span class='ocrx_word' id='word_1_87' title='bbox 885 1339 927 1401; x_wconf 89' lang='lat' dir='ltr'><strong>tu,</strong></span> <span class='ocrx_word' id='word_1_88' title='bbox 945 1334 975 1398; x_wconf 94' lang='lat' dir='ltr'><strong>Q.</strong></span> <span class='ocrx_word' id='word_1_89' title='bbox 993 1335 1080 1402; x_wconf 89' lang='lat' dir='ltr'><strong>Muci,</strong></span> 
     </span>
     <span class='ocr_line' id='line_1_13' title="bbox 100 1411 1084 1468; baseline 0.002 -3"><span class='ocrx_word' id='word_1_90' title='bbox 100 1421 128 1465; x_wconf 89' lang='lat' dir='ltr'><strong>et</strong></span> <span class='ocrx_word' id='word_1_91' title='bbox 142 1414 268 1466; x_wconf 87' lang='lat' dir='ltr'><strong>conciliat</strong></span> <span class='ocrx_word' id='word_1_92' title='bbox 278 1413 410 1466; x_wconf 89' lang='lat' dir='ltr'><strong>amicitias</strong></span> <span class='ocrx_word' id='word_1_93' title='bbox 424 1417 452 1465; x_wconf 89' lang='lat' dir='ltr'><strong>et</strong></span> <span class='ocrx_word' id='word_1_94' title='bbox 465 1417 613 1466; x_wconf 88' lang='lat' dir='ltr'><strong>conservat.</strong></span> <span class='ocrx_word' id='word_1_95' title='bbox 658 1411 693 1464; x_wconf 94' lang='lat' dir='ltr'><strong>In</strong></span> <span class='ocrx_word' id='word_1_96' title='bbox 707 1429 739 1465; x_wconf 89' lang='lat' dir='ltr'><strong>ea</strong></span> <span class='ocrx_word' id='word_1_97' title='bbox 752 1417 793 1464; x_wconf 90' lang='lat' dir='ltr'><strong>est</strong></span> <span class='ocrx_word' id='word_1_98' title='bbox 807 1413 880 1464; x_wconf 89' lang='lat' dir='ltr'><strong>enim</strong></span> <span class='ocrx_word' id='word_1_99' title='bbox 894 1415 1084 1468; x_wconf 88' lang='lat' dir='ltr'><strong>convenientia</strong></span> 
     </span>
     <span class='ocr_line' id='line_1_14' title="bbox 99 1491 1083 1559; baseline 0.002 -15"><span class='ocrx_word' id='word_1_100' title='bbox 99 1509 198 1559; x_wconf 88' lang='lat' dir='ltr'><strong>rerum,</strong></span> <span class='ocrx_word' id='word_1_101' title='bbox 215 1492 244 1544; x_wconf 90' lang='lat' dir='ltr'><strong>in</strong></span> <span class='ocrx_word' id='word_1_102' title='bbox 258 1510 290 1544; x_wconf 90' lang='lat' dir='ltr'><strong>ea</strong></span> <span class='ocrx_word' id='word_1_103' title='bbox 308 1492 452 1558; x_wconf 90' lang='lat' dir='ltr'><strong>stabilitas,</strong></span> <span class='ocrx_word' id='word_1_104' title='bbox 467 1491 496 1543; x_wconf 88' lang='lat' dir='ltr'><strong>in</strong></span> <span class='ocrx_word' id='word_1_105' title='bbox 516 1509 548 1543; x_wconf 88' lang='lat' dir='ltr'><strong>ea</strong></span> <span class='ocrx_word' id='word_1_106' title='bbox 568 1491 741 1544; x_wconf 88' lang='lat' dir='ltr'><strong>constantia:</strong></span> <span class='ocrx_word' id='word_1_107' title='bbox 763 1508 825 1559; x_wconf 85' lang='lat' dir='ltr'><strong>quse</strong></span> <span class='ocrx_word' id='word_1_108' title='bbox 838 1509 923 1559; x_wconf 88' lang='lat' dir='ltr'><strong>quum</strong></span> <span class='ocrx_word' id='word_1_109' title='bbox 939 1509 967 1546; x_wconf 91' lang='lat' dir='ltr'><strong>se</strong></span> <span class='ocrx_word' id='word_1_110' title='bbox 981 1494 1083 1546; x_wconf 85' lang='lat' dir='ltr'><strong>extulit</strong></span> 
     </span>
     <span class='ocr_line' id='line_1_15' title="bbox 100 1569 1081 1638; baseline 0.003 -16"><span class='ocrx_word' id='word_1_111' title='bbox 100 1575 128 1623; x_wconf 90' lang='lat' dir='ltr'><strong>et</strong></span> <span class='ocrx_word' id='word_1_112' title='bbox 142 1571 264 1624; x_wconf 79' lang='lat' dir='ltr'><strong>ostendit</strong></span> <span class='ocrx_word' id='word_1_113' title='bbox 277 1589 358 1623; x_wconf 91' lang='lat' dir='ltr'><strong>suum</strong></span> <span class='ocrx_word' id='word_1_114' title='bbox 378 1571 480 1636; x_wconf 88' lang='lat' dir='ltr'><strong>lumen,</strong></span> <span class='ocrx_word' id='word_1_115' title='bbox 497 1575 525 1622; x_wconf 90' lang='lat' dir='ltr'><strong>et</strong></span> <span class='ocrx_word' id='word_1_116' title='bbox 546 1569 621 1622; x_wconf 88' lang='lat' dir='ltr'><strong>idem</strong></span> <span class='ocrx_word' id='word_1_117' title='bbox 640 1569 766 1637; x_wconf 84' lang='lat' dir='ltr'><strong>adspexit</strong></span> <span class='ocrx_word' id='word_1_118' title='bbox 784 1571 950 1638; x_wconf 85' lang='lat' dir='ltr'><strong>agnovitque</strong></span> <span class='ocrx_word' id='word_1_119' title='bbox 963 1572 992 1624; x_wconf 91' lang='lat' dir='ltr'><strong>in</strong></span> <span class='ocrx_word' id='word_1_120' title='bbox 1008 1572 1081 1626; x_wconf 91' lang='lat' dir='ltr'><strong>alio:</strong></span> 
     </span>
     <span class='ocr_line' id='line_1_16' title="bbox 99 1647 1082 1717; baseline 0.004 -16"><span class='ocrx_word' id='word_1_121' title='bbox 99 1649 135 1701; x_wconf 90' lang='lat' dir='ltr'><strong>ad</strong></span> <span class='ocrx_word' id='word_1_122' title='bbox 148 1649 177 1702; x_wconf 92' lang='lat' dir='ltr'><strong>id</strong></span> <span class='ocrx_word' id='word_1_123' title='bbox 188 1668 216 1702; x_wconf 90' lang='lat' dir='ltr'><strong>se</strong></span> <span class='ocrx_word' id='word_1_124' title='bbox 230 1650 368 1717; x_wconf 89' lang='lat' dir='ltr'><strong>admovet,</strong></span> <span class='ocrx_word' id='word_1_125' title='bbox 383 1649 555 1717; x_wconf 81' lang='lat' dir='ltr'><strong>vicissimque</strong></span> <span class='ocrx_word' id='word_1_126' title='bbox 569 1649 667 1716; x_wconf 90' lang='lat' dir='ltr'><strong>accipit</strong></span> <span class='ocrx_word' id='word_1_127' title='bbox 679 1647 759 1716; x_wconf 90' lang='lat' dir='ltr'><strong>illud,</strong></span> <span class='ocrx_word' id='word_1_128' title='bbox 775 1649 850 1717; x_wconf 89' lang='lat' dir='ltr'><strong>quod</strong></span> <span class='ocrx_word' id='word_1_129' title='bbox 863 1649 892 1702; x_wconf 91' lang='lat' dir='ltr'><strong>in</strong></span> <span class='ocrx_word' id='word_1_130' title='bbox 913 1651 999 1703; x_wconf 91' lang='lat' dir='ltr'><strong>altero</strong></span> <span class='ocrx_word' id='word_1_131' title='bbox 1019 1655 1062 1705; x_wconf 89' lang='lat' dir='ltr'><strong>est</strong></span> <span class='ocrx_word' id='word_1_132' title='bbox 1076 1671 1082 1705; x_wconf 91' lang='lat'>:</span> 
     </span>
     <span class='ocr_line' id='line_1_17' title="bbox 98 1727 1083 1798; baseline 0.002 -18"><span class='ocrx_word' id='word_1_133' title='bbox 98 1745 134 1780; x_wconf 87' lang='lat' dir='ltr'><strong>ex</strong></span> <span class='ocrx_word' id='word_1_134' title='bbox 153 1746 208 1796; x_wconf 93' lang='lat' dir='ltr'><strong>quo</strong></span> <span class='ocrx_word' id='word_1_135' title='bbox 228 1745 320 1782; x_wconf 89' lang='lat' dir='ltr'><strong>eorum</strong></span> <span class='ocrx_word' id='word_1_136' title='bbox 340 1729 491 1782; x_wconf 80' lang='lat' dir='ltr'><strong>exardescit</strong></span> <span class='ocrx_word' id='word_1_137' title='bbox 511 1728 568 1780; x_wconf 93' lang='lat' dir='ltr'><strong>sive</strong></span> <span class='ocrx_word' id='word_1_138' title='bbox 585 1745 661 1780; x_wconf 89' lang='lat' dir='ltr'><strong>amor</strong></span> <span class='ocrx_word' id='word_1_139' title='bbox 680 1727 737 1780; x_wconf 88' lang='lat' dir='ltr'><strong>sive</strong></span> <span class='ocrx_word' id='word_1_140' title='bbox 756 1728 882 1782; x_wconf 84' lang='lat' dir='ltr'><strong>amicitia</strong></span> <span class='ocrx_word' id='word_1_141' title='bbox 927 1729 1083 1798; x_wconf 85' lang='lat' dir='ltr'><strong>Utrumque</strong></span> 
     </span>
     <span class='ocr_line' id='line_1_18' title="bbox 99 1807 1082 1873; baseline 0.002 -14"><span class='ocrx_word' id='word_1_142' title='bbox 99 1808 173 1860; x_wconf 89' lang='lat' dir='ltr'><strong>euim</strong></span> <span class='ocrx_word' id='word_1_143' title='bbox 187 1808 291 1860; x_wconf 92' lang='lat' dir='ltr'><strong>dictum</strong></span> <span class='ocrx_word' id='word_1_144' title='bbox 304 1812 346 1860; x_wconf 90' lang='lat' dir='ltr'><strong>est</strong></span> <span class='ocrx_word' id='word_1_145' title='bbox 359 1808 394 1860; x_wconf 90' lang='lat' dir='ltr'><strong>ab</strong></span> <span class='ocrx_word' id='word_1_146' title='bbox 407 1807 543 1872; x_wconf 87' lang='lat' dir='ltr'><strong>amando;</strong></span> <span class='ocrx_word' id='word_1_147' title='bbox 563 1825 653 1860; x_wconf 88' lang='lat' dir='ltr'><strong>amare</strong></span> <span class='ocrx_word' id='word_1_148' title='bbox 672 1812 766 1860; x_wconf 89' lang='lat' dir='ltr'><strong>autem</strong></span> <span class='ocrx_word' id='word_1_149' title='bbox 785 1807 855 1860; x_wconf 80' lang='lat' dir='ltr'><strong>nibil</strong></span> <span class='ocrx_word' id='word_1_150' title='bbox 868 1812 910 1860; x_wconf 88' lang='lat' dir='ltr'><strong>est</strong></span> <span class='ocrx_word' id='word_1_151' title='bbox 928 1809 1013 1873; x_wconf 91' lang='lat' dir='ltr'><strong>aliud,</strong></span> <span class='ocrx_word' id='word_1_152' title='bbox 1029 1809 1082 1861; x_wconf 87' lang='lat' dir='ltr'><strong>nisi</strong></span> 
     </span>
     <span class='ocr_line' id='line_1_19' title="bbox 98 1887 1081 1956; baseline 0.002 -18"><span class='ocrx_word' id='word_1_153' title='bbox 98 1903 163 1939; x_wconf 91' lang='lat' dir='ltr'><strong>eum</strong></span> <span class='ocrx_word' id='word_1_154' title='bbox 176 1887 266 1955; x_wconf 89' lang='lat' dir='ltr'><strong>ipsum</strong></span> <span class='ocrx_word' id='word_1_155' title='bbox 279 1887 399 1954; x_wconf 87' lang='lat' dir='ltr'><strong>diligere,</strong></span> <span class='ocrx_word' id='word_1_156' title='bbox 415 1904 497 1955; x_wconf 91' lang='lat' dir='ltr'><strong>quem</strong></span> <span class='ocrx_word' id='word_1_157' title='bbox 510 1903 593 1953; x_wconf 87' lang='lat' dir='ltr'><strong>ames,</strong></span> <span class='ocrx_word' id='word_1_158' title='bbox 609 1887 686 1940; x_wconf 86' lang='lat' dir='ltr'><strong>nulla</strong></span> <span class='ocrx_word' id='word_1_159' title='bbox 699 1887 857 1956; x_wconf 86' lang='lat' dir='ltr'><strong>indigentia,</strong></span> <span class='ocrx_word' id='word_1_160' title='bbox 869 1887 947 1940; x_wconf 91' lang='lat' dir='ltr'><strong>nulla</strong></span> <span class='ocrx_word' id='word_1_161' title='bbox 960 1888 1081 1940; x_wconf 87' lang='lat' dir='ltr'><strong>utilitate</strong></span> 
     </span>
     <span class='ocr_line' id='line_1_20' title="bbox 99 1966 1081 2034; baseline 0.001 -16"><span class='ocrx_word' id='word_1_162' title='bbox 99 1966 235 2033; x_wconf 88' lang='lat' dir='ltr'><strong>quaesita:</strong></span> <span class='ocrx_word' id='word_1_163' title='bbox 266 1984 329 2034; x_wconf 83' lang='lat' dir='ltr'><strong>quae</strong></span> <span class='ocrx_word' id='word_1_164' title='bbox 349 1971 442 2018; x_wconf 87' lang='lat' dir='ltr'><strong>tamen</strong></span> <span class='ocrx_word' id='word_1_165' title='bbox 462 1966 521 2034; x_wconf 87' lang='lat' dir='ltr'><strong>ipsa</strong></span> <span class='ocrx_word' id='word_1_166' title='bbox 539 1966 681 2019; x_wconf 86' lang='lat' dir='ltr'><strong>efflorescit</strong></span> <span class='ocrx_word' id='word_1_167' title='bbox 704 1983 738 2018; x_wconf 87' lang='lat' dir='ltr'><strong>ex</strong></span> <span class='ocrx_word' id='word_1_168' title='bbox 758 1966 884 2032; x_wconf 90' lang='lat' dir='ltr'><strong>amicitia,</strong></span> <span class='ocrx_word' id='word_1_169' title='bbox 902 1967 985 2019; x_wconf 88' lang='lat' dir='ltr'><strong>etiam</strong></span> <span class='ocrx_word' id='word_1_170' title='bbox 1006 1967 1029 2019; x_wconf 82' lang='lat' dir='ltr'><strong>ai</strong></span> <span class='ocrx_word' id='word_1_171' title='bbox 1049 1971 1081 2019; x_wconf 95' lang='lat' dir='ltr'><strong>tu</strong></span> 
     </span>
     <span class='ocr_line' id='line_1_21' title="bbox 97 2045 1081 2114; baseline 0.001 -17"><span class='ocrx_word' id='word_1_172' title='bbox 97 2063 159 2098; x_wconf 88' lang='lat' dir='ltr'><strong>eam</strong></span> <span class='ocrx_word' id='word_1_173' title='bbox 183 2045 274 2098; x_wconf 90' lang='lat' dir='ltr'><strong>minus</strong></span> <span class='ocrx_word' id='word_1_174' title='bbox 297 2049 431 2114; x_wconf 81' lang='lat' dir='ltr'><strong>sequutus</strong></span> <span class='ocrx_word' id='word_1_175' title='bbox 457 2046 500 2099; x_wconf 86' lang='lat' dir='ltr'><strong>sis.</strong></span> <span class='ocrx_word' id='word_1_176' title='bbox 547 2046 610 2099; x_wconf 80' lang='lat'>101.</span> <span class='ocrx_word' id='word_1_177' title='bbox 643 2045 704 2098; x_wconf 89' lang='lat' dir='ltr'><strong>Hac</strong></span> <span class='ocrx_word' id='word_1_178' title='bbox 725 2061 775 2097; x_wconf 90' lang='lat' dir='ltr'><strong>nos</strong></span> <span class='ocrx_word' id='word_1_179' title='bbox 796 2045 980 2098; x_wconf 86' lang='lat' dir='ltr'><strong>adolescentes</strong></span> <span class='ocrx_word' id='word_1_180' title='bbox 1001 2046 1081 2098; x_wconf 92' lang='lat' dir='ltr'><strong>bene-</strong></span> 
     </span>
     <span class='ocr_line' id='line_1_22' title="bbox 98 2123 1077 2194; baseline 0.003 -18"><span class='ocrx_word' id='word_1_181' title='bbox 98 2125 221 2177; x_wconf 84' lang='lat' dir='ltr'><strong>volentia</strong></span> <span class='ocrx_word' id='word_1_182' title='bbox 242 2142 322 2194; x_wconf 76' lang='lat' dir='ltr'><strong>seues</strong></span> <span class='ocrx_word' id='word_1_183' title='bbox 336 2125 398 2177; x_wconf 90' lang='lat' dir='ltr'><strong>illos</strong></span> <span class='ocrx_word' id='word_1_184' title='bbox 413 2124 448 2177; x_wconf 77' lang='lat' dir='ltr'><strong>L.</strong></span> <span class='ocrx_word' id='word_1_185' title='bbox 473 2123 610 2190; x_wconf 89' lang='lat' dir='ltr'><strong>Paullum,</strong></span> <span class='ocrx_word' id='word_1_186' title='bbox 635 2123 674 2177; x_wconf 88' lang='lat' dir='ltr'><strong>M.</strong></span> <span class='ocrx_word' id='word_1_187' title='bbox 699 2123 838 2190; x_wconf 82' lang='lat' dir='ltr'><strong>Catonem,</strong></span> <span class='ocrx_word' id='word_1_188' title='bbox 863 2123 1077 2192; x_wconf 76' lang='lat' dir='ltr'><strong>0.(}a11um,1&gt;.</strong></span> 
     </span>
     <span class='ocr_line' id='line_1_23' title="bbox 98 2203 1078 2271; baseline 0.003 -16"><span class='ocrx_word' id='word_1_189' title='bbox 98 2204 238 2270; x_wconf 84' lang='lat' dir='ltr'><strong>Nasicam,</strong></span> <span class='ocrx_word' id='word_1_190' title='bbox 261 2203 299 2258; x_wconf 81' lang='lat' dir='ltr'><strong>Ti</strong></span> <span class='ocrx_word' id='word_1_191' title='bbox 325 2203 487 2269; x_wconf 82' lang='lat' dir='ltr'><strong>Gracchum,</strong></span> <span class='ocrx_word' id='word_1_192' title='bbox 510 2203 643 2271; x_wconf 85' lang='lat' dir='ltr'><strong>Scipionis</strong></span> <span class='ocrx_word' id='word_1_193' title='bbox 666 2203 754 2255; x_wconf 86' lang='lat' dir='ltr'><strong>nostri</strong></span> <span class='ocrx_word' id='word_1_194' title='bbox 767 2219 898 2268; x_wconf 88' lang='lat' dir='ltr'><strong>socerum,</strong></span> <span class='ocrx_word' id='word_1_195' title='bbox 923 2203 1078 2258; x_wconf 85' lang='lat' dir='ltr'><strong>dileximus.</strong></span> 
     </span>
     <span class='ocr_line' id='line_1_24' title="bbox 98 2281 1080 2350; baseline 0.001 -16"><span class='ocrx_word' id='word_1_196' title='bbox 98 2283 169 2335; x_wconf 80' lang='lat' dir='ltr'><strong>Haec</strong></span> <span class='ocrx_word' id='word_1_197' title='bbox 183 2283 267 2335; x_wconf 89' lang='lat' dir='ltr'><strong>etiam</strong></span> <span class='ocrx_word' id='word_1_198' title='bbox 279 2284 365 2350; x_wconf 86' lang='lat' dir='ltr'><strong>magis</strong></span> <span class='ocrx_word' id='word_1_199' title='bbox 378 2283 467 2335; x_wconf 90' lang='lat' dir='ltr'><strong>elucet</strong></span> <span class='ocrx_word' id='word_1_200' title='bbox 477 2283 550 2334; x_wconf 90' lang='lat' dir='ltr'><strong>inter</strong></span> <span class='ocrx_word' id='word_1_201' title='bbox 560 2282 686 2350; x_wconf 84' lang='lat' dir='ltr'><strong>aequales,</strong></span> <span class='ocrx_word' id='word_1_202' title='bbox 700 2285 733 2334; x_wconf 92' lang='lat' dir='ltr'><strong>ut</strong></span> <span class='ocrx_word' id='word_1_203' title='bbox 743 2281 869 2334; x_wconf 86' lang='lat' dir='ltr'><strong>interme</strong></span> <span class='ocrx_word' id='word_1_204' title='bbox 879 2285 908 2334; x_wconf 90' lang='lat' dir='ltr'><strong>et</strong></span> <span class='ocrx_word' id='word_1_205' title='bbox 918 2281 1080 2350; x_wconf 86' lang='lat' dir='ltr'><strong>Scipionem,</strong></span> 
     </span>
     <span class='ocr_line' id='line_1_25' title="bbox 97 2360 1083 2430; baseline 0 -16"><span class='ocrx_word' id='word_1_206' title='bbox 97 2362 128 2415; x_wconf 83' lang='lat' dir='ltr'>L</span> <span class='ocrx_word' id='word_1_207' title='bbox 155 2362 279 2427; x_wconf 85' lang='lat' dir='ltr'><strong>Furium,</strong></span> <span class='ocrx_word' id='word_1_208' title='bbox 308 2362 339 2414; x_wconf 91' lang='lat' dir='ltr'><strong>P.</strong></span> <span class='ocrx_word' id='word_1_209' title='bbox 370 2361 521 2430; x_wconf 88' lang='lat' dir='ltr'><strong>Rupilium,</strong></span> <span class='ocrx_word' id='word_1_210' title='bbox 548 2360 592 2428; x_wconf 91' lang='lat' dir='ltr'><strong>Sp.</strong></span> <span class='ocrx_word' id='word_1_211' title='bbox 617 2361 790 2414; x_wconf 89' lang='lat' dir='ltr'><strong>Mummium.</strong></span> <span class='ocrx_word' id='word_1_212' title='bbox 838 2361 963 2414; x_wconf 90' lang='lat' dir='ltr'><strong>Vicissim</strong></span> <span class='ocrx_word' id='word_1_213' title='bbox 989 2378 1083 2415; x_wconf 84' lang='lat' dir='ltr'><strong>autem</strong></span> 
     </span>
     <span class='ocr_line' id='line_1_26' title="bbox 97 2440 1083 2508; baseline 0 -15"><span class='ocrx_word' id='word_1_214' title='bbox 97 2459 176 2493; x_wconf 90' lang='lat' dir='ltr'><strong>senes</strong></span> <span class='ocrx_word' id='word_1_215' title='bbox 190 2441 219 2493; x_wconf 91' lang='lat' dir='ltr'><strong>in</strong></span> <span class='ocrx_word' id='word_1_216' title='bbox 233 2441 445 2493; x_wconf 86' lang='lat' dir='ltr'><strong>adolescentium</strong></span> <span class='ocrx_word' id='word_1_217' title='bbox 459 2440 571 2493; x_wconf 87' lang='lat' dir='ltr'><strong>caritate</strong></span> <span class='ocrx_word' id='word_1_218' title='bbox 584 2440 789 2508; x_wconf 85' lang='lat' dir='ltr'><strong>acquiescimus,</strong></span> <span class='ocrx_word' id='word_1_219' title='bbox 804 2440 878 2492; x_wconf 91' lang='lat' dir='ltr'><strong>utin</strong></span> <span class='ocrx_word' id='word_1_220' title='bbox 895 2445 994 2508; x_wconf 88' lang='lat' dir='ltr'><strong>vestra,</strong></span> <span class='ocrx_word' id='word_1_221' title='bbox 1006 2446 1040 2493; x_wconf 93' lang='lat' dir='ltr'><strong>ut</strong></span> <span class='ocrx_word' id='word_1_222' title='bbox 1053 2441 1083 2493; x_wconf 92' lang='lat' dir='ltr'><strong>in</strong></span> 
     </span>
     <span class='ocr_line' id='line_1_27' title="bbox 98 2519 1081 2586; baseline 0.001 -14"><span class='ocrx_word' id='word_1_223' title='bbox 98 2520 131 2584; x_wconf 90' lang='lat' dir='ltr'><strong>Q.</strong></span> <span class='ocrx_word' id='word_1_224' title='bbox 144 2520 294 2572; x_wconf 87' lang='lat' dir='ltr'><strong>Tuberonis</strong></span> <span class='ocrx_word' id='word_1_225' title='bbox 305 2539 313 2584; x_wconf 89' lang='lat'>;</span> <span class='ocrx_word' id='word_1_226' title='bbox 333 2519 460 2586; x_wconf 88' lang='lat' dir='ltr'><strong>equidem</strong></span> <span class='ocrx_word' id='word_1_227' title='bbox 474 2519 556 2582; x_wconf 76' lang='lat' dir='ltr'><strong>etiam</strong></span> <span class='ocrx_word' id='word_1_228' title='bbox 569 2519 719 2571; x_wconf 85' lang='lat' dir='ltr'><strong>admodum</strong></span> <span class='ocrx_word' id='word_1_229' title='bbox 728 2519 915 2586; x_wconf 87' lang='lat' dir='ltr'><strong>adolescentis,</strong></span> <span class='ocrx_word' id='word_1_230' title='bbox 928 2519 958 2573; x_wconf 89' lang='lat' dir='ltr'><strong>P.</strong></span> <span class='ocrx_word' id='word_1_231' title='bbox 972 2521 1081 2586; x_wconf 83' lang='lat' dir='ltr'><strong>Rutilii,</strong></span> 
     </span>
     <span class='ocr_line' id='line_1_28' title="bbox 98 2597 1082 2666; baseline 0 -15"><span class='ocrx_word' id='word_1_232' title='bbox 98 2605 133 2652; x_wconf 91' lang='lat' dir='ltr'><strong>A.</strong></span> <span class='ocrx_word' id='word_1_233' title='bbox 151 2597 271 2666; x_wconf 86' lang='lat' dir='ltr'><strong>Virginii</strong></span> <span class='ocrx_word' id='word_1_234' title='bbox 283 2598 467 2651; x_wconf 85' lang='lat' dir='ltr'><strong>familiaritate</strong></span> <span class='ocrx_word' id='word_1_235' title='bbox 481 2597 610 2652; x_wconf 89' lang='lat' dir='ltr'><strong>delector.</strong></span> <span class='ocrx_word' id='word_1_236' title='bbox 652 2597 841 2666; x_wconf 85' lang='lat' dir='ltr'><strong>Quoniamque</strong></span> <span class='ocrx_word' id='word_1_237' title='bbox 861 2599 901 2650; x_wconf 90' lang='lat' dir='ltr'><strong>ita</strong></span> <span class='ocrx_word' id='word_1_238' title='bbox 921 2599 991 2651; x_wconf 85' lang='lat' dir='ltr'><strong>ratio</strong></span> <span class='ocrx_word' id='word_1_239' title='bbox 1011 2616 1082 2651; x_wconf 91' lang='lat' dir='ltr'><strong>ccm-</strong></span> 
     </span>
     <span class='ocr_line' id='line_1_29' title="bbox 98 2677 1083 2746; baseline 0 -16"><span class='ocrx_word' id='word_1_240' title='bbox 98 2682 195 2746; x_wconf 88' lang='lat' dir='ltr'><strong>parata</strong></span> <span class='ocrx_word' id='word_1_241' title='bbox 209 2681 250 2730; x_wconf 89' lang='lat' dir='ltr'><strong>est</strong></span> <span class='ocrx_word' id='word_1_242' title='bbox 263 2678 328 2730; x_wconf 77' lang='lat' dir='ltr'><strong>vitre</strong></span> <span class='ocrx_word' id='word_1_243' title='bbox 338 2681 499 2744; x_wconf 74' lang='lat' dir='ltr'><strong>naturaeque</strong></span> <span class='ocrx_word' id='word_1_244' title='bbox 510 2681 618 2743; x_wconf 84' lang='lat' dir='ltr'><strong>nostrae,</strong></span> <span class='ocrx_word' id='word_1_245' title='bbox 633 2678 728 2730; x_wconf 89' lang='lat' dir='ltr'><strong>utalia</strong></span> <span class='ocrx_word' id='word_1_246' title='bbox 741 2687 807 2730; x_wconf 88' lang='lat' dir='ltr'><strong>setas</strong></span> <span class='ocrx_word' id='word_1_247' title='bbox 821 2677 944 2742; x_wconf 89' lang='lat' dir='ltr'><strong>criatur;</strong></span> <span class='ocrx_word' id='word_1_248' title='bbox 964 2679 1083 2731; x_wconf 86' lang='lat' dir='ltr'><strong>maxime</strong></span> 
     </span>
     <span class='ocr_line' id='line_1_30' title="bbox 98 2756 1083 2824; baseline 0 -15"><span class='ocrx_word' id='word_1_249' title='bbox 98 2757 212 2824; x_wconf 88' lang='lat' dir='ltr'><strong>quidem</strong></span> <span class='ocrx_word' id='word_1_250' title='bbox 235 2756 387 2824; x_wconf 89' lang='lat' dir='ltr'><strong>optandum</strong></span> <span class='ocrx_word' id='word_1_251' title='bbox 414 2759 464 2822; x_wconf 88' lang='lat' dir='ltr'><strong>est,</strong></span> <span class='ocrx_word' id='word_1_252' title='bbox 491 2760 523 2808; x_wconf 90' lang='lat' dir='ltr'><strong>ut</strong></span> <span class='ocrx_word' id='word_1_253' title='bbox 545 2773 607 2808; x_wconf 92' lang='lat' dir='ltr'><strong>cum</strong></span> <span class='ocrx_word' id='word_1_254' title='bbox 629 2756 780 2823; x_wconf 83' lang='lat' dir='ltr'><strong>aequalibus</strong></span> <span class='ocrx_word' id='word_1_255' title='bbox 802 2757 896 2823; x_wconf 90' lang='lat' dir='ltr'><strong>possis,</strong></span> <span class='ocrx_word' id='word_1_256' title='bbox 920 2756 1083 2824; x_wconf 87' lang='lat' dir='ltr'><strong>quibuscum</strong></span> 
     </span>
     <span class='ocr_line' id='line_1_31' title="bbox 98 2834 1084 2903; baseline 0 -15"><span class='ocrx_word' id='word_1_257' title='bbox 98 2841 233 2903; x_wconf 88' lang='lat' dir='ltr'><strong>tanquam</strong></span> <span class='ocrx_word' id='word_1_258' title='bbox 253 2853 268 2888; x_wconf 91' lang='lat' dir='ltr'><strong>e</strong></span> <span class='ocrx_word' id='word_1_259' title='bbox 289 2835 439 2888; x_wconf 88' lang='lat' dir='ltr'><strong>carceribus</strong></span> <span class='ocrx_word' id='word_1_260' title='bbox 461 2834 574 2886; x_wconf 88' lang='lat' dir='ltr'><strong>emissus</strong></span> <span class='ocrx_word' id='word_1_261' title='bbox 596 2835 639 2900; x_wconf 87' lang='lat' dir='ltr'><strong>sis,</strong></span> <span class='ocrx_word' id='word_1_262' title='bbox 661 2851 724 2887; x_wconf 93' lang='lat' dir='ltr'><strong>cum</strong></span> <span class='ocrx_word' id='word_1_263' title='bbox 746 2835 841 2886; x_wconf 88' lang='lat' dir='ltr'><strong>iisdem</strong></span> <span class='ocrx_word' id='word_1_264' title='bbox 865 2835 900 2887; x_wconf 89' lang='lat' dir='ltr'><strong>ad</strong></span> <span class='ocrx_word' id='word_1_265' title='bbox 923 2835 1031 2901; x_wconf 90' lang='lat' dir='ltr'><strong>calcem,</strong></span> <span class='ocrx_word' id='word_1_266' title='bbox 1050 2841 1084 2888; x_wconf 92' lang='lat' dir='ltr'><strong>ut</strong></span> 
     </span>
     <span class='ocr_line' id='line_1_32' title="bbox 98 2913 1084 2983; baseline 0.001 -17"><span class='ocrx_word' id='word_1_267' title='bbox 98 2914 209 2981; x_wconf 89' lang='lat' dir='ltr'><strong>dicitur,</strong></span> <span class='ocrx_word' id='word_1_268' title='bbox 234 2914 386 2981; x_wconf 87' lang='lat' dir='ltr'><strong>pervenire.</strong></span> <span class='ocrx_word' id='word_1_269' title='bbox 428 2915 492 2967; x_wconf 78' lang='lat'>102.</span> <span class='ocrx_word' id='word_1_270' title='bbox 517 2913 571 2966; x_wconf 86' lang='lat' dir='ltr'><strong>Sed</strong></span> <span class='ocrx_word' id='word_1_271' title='bbox 598 2913 727 2982; x_wconf 89' lang='lat' dir='ltr'><strong>quoniam</strong></span> <span class='ocrx_word' id='word_1_272' title='bbox 753 2931 796 2965; x_wconf 89' lang='lat' dir='ltr'><strong>res</strong></span> <span class='ocrx_word' id='word_1_273' title='bbox 822 2913 950 2967; x_wconf 74' lang='lat' dir='ltr'><strong>humanm</strong></span> <span class='ocrx_word' id='word_1_274' title='bbox 976 2915 1084 2983; x_wconf 83' lang='lat' dir='ltr'><strong>fragiles</strong></span> 
     </span>
     <span class='ocr_line' id='line_1_33' title="bbox 99 2992 1084 3062; baseline 0.001 -17"><span class='ocrx_word' id='word_1_275' title='bbox 99 2993 263 3060; x_wconf 75' lang='lat' dir='ltr'><strong>caducaeque</strong></span> <span class='ocrx_word' id='word_1_276' title='bbox 276 2997 351 3060; x_wconf 87' lang='lat' dir='ltr'><strong>sunt,</strong></span> <span class='ocrx_word' id='word_1_277' title='bbox 367 3010 473 3061; x_wconf 87' lang='lat' dir='ltr'><strong>semper</strong></span> <span class='ocrx_word' id='word_1_278' title='bbox 485 2992 571 3061; x_wconf 90' lang='lat' dir='ltr'><strong>aliqui</strong></span> <span class='ocrx_word' id='word_1_279' title='bbox 591 2992 754 3060; x_wconf 87' lang='lat' dir='ltr'><strong>anquirendi</strong></span> <span class='ocrx_word' id='word_1_280' title='bbox 767 2997 841 3058; x_wconf 90' lang='lat' dir='ltr'><strong>suut,</strong></span> <span class='ocrx_word' id='word_1_281' title='bbox 857 3009 926 3061; x_wconf 91' lang='lat' dir='ltr'><strong>quos</strong></span> <span class='ocrx_word' id='word_1_282' title='bbox 940 2994 1084 3062; x_wconf 85' lang='lat' dir='ltr'><strong>diligamus</strong></span> 
     </span>
     <span class='ocr_line' id='line_1_34' title="bbox 99 3071 1081 3140; baseline 0.002 -16"><span class='ocrx_word' id='word_1_283' title='bbox 99 3077 129 3124; x_wconf 90' lang='lat' dir='ltr'><strong>ot</strong></span> <span class='ocrx_word' id='word_1_284' title='bbox 143 3073 273 3140; x_wconf 91' lang='lat' dir='ltr'><strong>aquibus</strong></span> <span class='ocrx_word' id='word_1_285' title='bbox 293 3073 454 3140; x_wconf 88' lang='lat' dir='ltr'><strong>diligamur:</strong></span> <span class='ocrx_word' id='word_1_286' title='bbox 475 3071 588 3124; x_wconf 88' lang='lat' dir='ltr'><strong>caritate</strong></span> <span class='ocrx_word' id='word_1_287' title='bbox 607 3072 681 3124; x_wconf 87' lang='lat' dir='ltr'><strong>enim</strong></span> <span class='ocrx_word' id='word_1_288' title='bbox 700 3072 945 3140; x_wconf 88' lang='lat' dir='ltr'><strong>benevolentiaque</strong></span> <span class='ocrx_word' id='word_1_289' title='bbox 965 3073 1081 3140; x_wconf 87' lang='lat' dir='ltr'><strong>sublata,</strong></span> 
     </span>
     <span class='ocr_line' id='line_1_35' title="bbox 99 3141 1082 3220; baseline 0 -16"><span class='ocrx_word' id='word_1_290' title='bbox 99 3151 189 3204; x_wconf 90' lang='lat' dir='ltr'><strong>omnis</strong></span> <span class='ocrx_word' id='word_1_291' title='bbox 216 3156 257 3204; x_wconf 90' lang='lat' dir='ltr'><strong>est</strong></span> <span class='ocrx_word' id='word_1_292' title='bbox 284 3169 299 3204; x_wconf 89' lang='lat' dir='ltr'><strong>e</strong></span> <span class='ocrx_word' id='word_1_293' title='bbox 325 3152 384 3204; x_wconf 88' lang='lat' dir='ltr'><strong>vita</strong></span> <span class='ocrx_word' id='word_1_294' title='bbox 410 3151 518 3203; x_wconf 89' lang='lat' dir='ltr'><strong>sublata</strong></span> <span class='ocrx_word' id='word_1_295' title='bbox 540 3141 708 3218; x_wconf 86' lang='lat' dir='ltr'><strong>jucunditas.</strong></span> <span class='ocrx_word' id='word_1_296' title='bbox 752 3151 824 3203; x_wconf 92' lang='lat' dir='ltr'><strong>Mihi</strong></span> <span class='ocrx_word' id='word_1_297' title='bbox 848 3152 958 3219; x_wconf 88' lang='lat' dir='ltr'><strong>quidem</strong></span> <span class='ocrx_word' id='word_1_298' title='bbox 984 3151 1082 3220; x_wconf 87' lang='lat' dir='ltr'><strong>Scipio,</strong></span> 
     </span>
     <span class='ocr_line' id='line_1_36' title="bbox 100 3230 1084 3299; baseline 0 -17"><span class='ocrx_word' id='word_1_299' title='bbox 100 3247 259 3299; x_wconf 88' lang='lat' dir='ltr'><strong>quanquam</strong></span> <span class='ocrx_word' id='word_1_300' title='bbox 282 3235 323 3282; x_wconf 91' lang='lat' dir='ltr'><strong>est</strong></span> <span class='ocrx_word' id='word_1_301' title='bbox 347 3231 437 3282; x_wconf 90' lang='lat' dir='ltr'><strong>subito</strong></span> <span class='ocrx_word' id='word_1_302' title='bbox 460 3233 577 3297; x_wconf 87' lang='lat' dir='ltr'><strong>ereptus,</strong></span> <span class='ocrx_word' id='word_1_303' title='bbox 597 3230 666 3282; x_wconf 90' lang='lat' dir='ltr'><strong>vivit</strong></span> <span class='ocrx_word' id='word_1_304' title='bbox 689 3235 782 3282; x_wconf 91' lang='lat' dir='ltr'><strong>tamen</strong></span> <span class='ocrx_word' id='word_1_305' title='bbox 806 3247 963 3298; x_wconf 89' lang='lat' dir='ltr'><strong>semperque</strong></span> <span class='ocrx_word' id='word_1_306' title='bbox 987 3230 1084 3294; x_wconf 87' lang='lat' dir='ltr'><strong>vivst;</strong></span> 
     </span>
     <span class='ocr_line' id='line_1_37' title="bbox 100 3307 1085 3377; baseline -0.002 -15"><span class='ocrx_word' id='word_1_307' title='bbox 100 3311 233 3362; x_wconf 86' lang='lat' dir='ltr'><strong>virtutem</strong></span> <span class='ocrx_word' id='word_1_308' title='bbox 254 3311 326 3361; x_wconf 91' lang='lat' dir='ltr'><strong>enim</strong></span> <span class='ocrx_word' id='word_1_309' title='bbox 347 3309 436 3361; x_wconf 87' lang='lat' dir='ltr'><strong>amavi</strong></span> <span class='ocrx_word' id='word_1_310' title='bbox 455 3309 529 3361; x_wconf 90' lang='lat' dir='ltr'><strong>illius</strong></span> <span class='ocrx_word' id='word_1_311' title='bbox 549 3309 610 3375; x_wconf 89' lang='lat' dir='ltr'><strong>viri,</strong></span> <span class='ocrx_word' id='word_1_312' title='bbox 626 3326 688 3377; x_wconf 87' lang='lat' dir='ltr'><strong>quse</strong></span> <span class='ocrx_word' id='word_1_313' title='bbox 702 3309 837 3361; x_wconf 77' lang='lat' dir='ltr'><strong>exstincta</strong></span> <span class='ocrx_word' id='word_1_314' title='bbox 856 3326 912 3360; x_wconf 89' lang='lat' dir='ltr'><strong>nou</strong></span> <span class='ocrx_word' id='word_1_315' title='bbox 932 3313 979 3361; x_wconf 91' lang='lat' dir='ltr'><strong>est.</strong></span> <span class='ocrx_word' id='word_1_316' title='bbox 1026 3307 1085 3361; x_wconf 91' lang='lat' dir='ltr'><strong>Nec</strong></span> 
     </span>
     <span class='ocr_line' id='line_1_38' title="bbox 101 3387 1085 3455; baseline -0.002 -14"><span class='ocrx_word' id='word_1_317' title='bbox 101 3387 171 3442; x_wconf 89' lang='lat' dir='ltr'><strong>mihi</strong></span> <span class='ocrx_word' id='word_1_318' title='bbox 194 3390 244 3441; x_wconf 91' lang='lat' dir='ltr'><strong>soli</strong></span> <span class='ocrx_word' id='word_1_319' title='bbox 268 3393 391 3441; x_wconf 91' lang='lat' dir='ltr'><strong>versatur</strong></span> <span class='ocrx_word' id='word_1_320' title='bbox 412 3392 476 3440; x_wconf 89' lang='lat' dir='ltr'><strong>ante</strong></span> <span class='ocrx_word' id='word_1_321' title='bbox 496 3389 598 3454; x_wconf 91' lang='lat' dir='ltr'><strong>oculos,</strong></span> <span class='ocrx_word' id='word_1_322' title='bbox 621 3388 669 3455; x_wconf 92' lang='lat' dir='ltr'><strong>qui</strong></span> <span class='ocrx_word' id='word_1_323' title='bbox 688 3388 764 3440; x_wconf 87' lang='lat' dir='ltr'><strong>illam</strong></span> <span class='ocrx_word' id='word_1_324' title='bbox 785 3404 890 3455; x_wconf 89' lang='lat' dir='ltr'><strong>semper</strong></span> <span class='ocrx_word' id='word_1_325' title='bbox 909 3387 939 3438; x_wconf 93' lang='lat' dir='ltr'><strong>iu</strong></span> <span class='ocrx_word' id='word_1_326' title='bbox 959 3388 1085 3439; x_wconf 86' lang='lat' dir='ltr'><strong>manibus</strong></span> 
     </span>
     <span class='ocr_line' id='line_1_39' title="bbox 101 3465 1085 3535; baseline -0.004 -14"><span class='ocrx_word' id='word_1_327' title='bbox 101 3469 195 3535; x_wconf 88' lang='lat' dir='ltr'><strong>habui,</strong></span> <span class='ocrx_word' id='word_1_328' title='bbox 212 3469 259 3520; x_wconf 91' lang='lat' dir='ltr'><strong>sed</strong></span> <span class='ocrx_word' id='word_1_329' title='bbox 272 3468 356 3520; x_wconf 88' lang='lat' dir='ltr'><strong>etiam</strong></span> <span class='ocrx_word' id='word_1_330' title='bbox 369 3467 484 3534; x_wconf 88' lang='lat' dir='ltr'><strong>posteris</strong></span> <span class='ocrx_word' id='word_1_331' title='bbox 497 3467 549 3519; x_wconf 88' lang='lat' dir='ltr'><strong>erit</strong></span> <span class='ocrx_word' id='word_1_332' title='bbox 568 3468 639 3520; x_wconf 86' lang='lat' dir='ltr'><strong>clara</strong></span> <span class='ocrx_word' id='word_1_333' title='bbox 652 3471 681 3519; x_wconf 90' lang='lat' dir='ltr'><strong>et</strong></span> <span class='ocrx_word' id='word_1_334' title='bbox 693 3466 813 3534; x_wconf 90' lang='lat' dir='ltr'><strong>insignis.</strong></span> <span class='ocrx_word' id='word_1_335' title='bbox 858 3465 949 3517; x_wconf 91' lang='lat' dir='ltr'><strong>Nemo</strong></span> <span class='ocrx_word' id='word_1_336' title='bbox 962 3483 1085 3534; x_wconf 88' lang='lat' dir='ltr'><strong>uuquam</strong></span> 
     </span>
     <span class='ocr_line' id='line_1_40' title="bbox 101 3543 1085 3614; baseline -0.004 -13"><span class='ocrx_word' id='word_1_337' title='bbox 101 3549 193 3602; x_wconf 86' lang='lat' dir='ltr'><strong>animo</strong></span> <span class='ocrx_word' id='word_1_338' title='bbox 207 3552 256 3599; x_wconf 90' lang='lat' dir='ltr'><strong>aut</strong></span> <span class='ocrx_word' id='word_1_339' title='bbox 276 3564 323 3614; x_wconf 90' lang='lat' dir='ltr'><strong>spe</strong></span> <span class='ocrx_word' id='word_1_340' title='bbox 342 3547 447 3614; x_wconf 88' lang='lat' dir='ltr'><strong>majora</strong></span> <span class='ocrx_word' id='word_1_341' title='bbox 466 3546 603 3614; x_wconf 87' lang='lat' dir='ltr'><strong>suscipiet,</strong></span> <span class='ocrx_word' id='word_1_342' title='bbox 619 3545 668 3613; x_wconf 91' lang='lat' dir='ltr'><strong>qui</strong></span> <span class='ocrx_word' id='word_1_343' title='bbox 687 3545 740 3597; x_wconf 89' lang='lat' dir='ltr'><strong>sibi</strong></span> <span class='ocrx_word' id='word_1_344' title='bbox 759 3561 815 3596; x_wconf 90' lang='lat' dir='ltr'><strong>non</strong></span> <span class='ocrx_word' id='word_1_345' title='bbox 834 3543 908 3596; x_wconf 87' lang='lat' dir='ltr'><strong>illius</strong></span> <span class='ocrx_word' id='word_1_346' title='bbox 927 3546 1085 3597; x_wconf 86' lang='lat' dir='ltr'><strong>memoriam</strong></span> 
     </span>
     <span class='ocr_line' id='line_1_41' title="bbox 101 3623 1085 3694; baseline -0.003 -15"><span class='ocrx_word' id='word_1_347' title='bbox 101 3633 186 3694; x_wconf 87' lang='lat' dir='ltr'><strong>atque</strong></span> <span class='ocrx_word' id='word_1_348' title='bbox 199 3627 345 3694; x_wconf 84' lang='lat' dir='ltr'><strong>imaginem</strong></span> <span class='ocrx_word' id='word_1_349' title='bbox 358 3625 559 3693; x_wconf 90' lang='lat' dir='ltr'><strong>proponendam</strong></span> <span class='ocrx_word' id='word_1_350' title='bbox 580 3628 667 3691; x_wconf 89' lang='lat' dir='ltr'><strong>putet.</strong></span> <span class='ocrx_word' id='word_1_351' title='bbox 713 3625 777 3676; x_wconf 89' lang='lat'>103.</span> <span class='ocrx_word' id='word_1_352' title='bbox 802 3623 938 3690; x_wconf 84' lang='lat' dir='ltr'><strong>Equidem</strong></span> <span class='ocrx_word' id='word_1_353' title='bbox 952 3641 986 3675; x_wconf 90' lang='lat' dir='ltr'><strong>ex</strong></span> <span class='ocrx_word' id='word_1_354' title='bbox 1000 3624 1085 3676; x_wconf 90' lang='lat' dir='ltr'><strong>omni-</strong></span> 
     </span>
     <span class='ocr_line' id='line_1_42' title="bbox 102 3702 1085 3772; baseline -0.005 -13"><span class='ocrx_word' id='word_1_355' title='bbox 102 3708 155 3759; x_wconf 91' lang='lat' dir='ltr'><strong>bus</strong></span> <span class='ocrx_word' id='word_1_356' title='bbox 178 3706 268 3772; x_wconf 86' lang='lat' dir='ltr'><strong>rebus,</strong></span> <span class='ocrx_word' id='word_1_357' title='bbox 294 3704 443 3772; x_wconf 81' lang='lat' dir='ltr'><strong>quaemihi</strong></span> <span class='ocrx_word' id='word_1_358' title='bbox 469 3707 518 3755; x_wconf 90' lang='lat' dir='ltr'><strong>aut</strong></span> <span class='ocrx_word' id='word_1_359' title='bbox 545 3704 656 3756; x_wconf 85' lang='lat' dir='ltr'><strong>fortuna</strong></span> <span class='ocrx_word' id='word_1_360' title='bbox 682 3706 731 3755; x_wconf 90' lang='lat' dir='ltr'><strong>aut</strong></span> <span class='ocrx_word' id='word_1_361' title='bbox 757 3706 857 3755; x_wconf 90' lang='lat' dir='ltr'><strong>natura</strong></span> <span class='ocrx_word' id='word_1_362' title='bbox 882 3702 990 3768; x_wconf 89' lang='lat' dir='ltr'><strong>tribuit,</strong></span> <span class='ocrx_word' id='word_1_363' title='bbox 1016 3703 1085 3756; x_wconf 89' lang='lat' dir='ltr'><strong>nihil</strong></span> 
     </span>
    </p>
   </div>
   <div class='ocr_carea' id='block_1_5' title="bbox 102 3781 1216 3872">
    <p class='ocr_par' dir='ltr' id='par_1_6' title="bbox 102 3781 1216 3872">
     <span class='ocr_line' id='line_1_43' title="bbox 102 3781 1216 3872; baseline -0.004 -34"><span class='ocrx_word' id='word_1_364' title='bbox 102 3785 200 3850; x_wconf 81' lang='lat' dir='ltr'><strong>habac,</strong></span> <span class='ocrx_word' id='word_1_365' title='bbox 217 3784 366 3852; x_wconf 92' lang='lat' dir='ltr'><strong>quodcum</strong></span> <span class='ocrx_word' id='word_1_366' title='bbox 379 3782 498 3836; x_wconf 87' lang='lat' dir='ltr'><strong>amicitia</strong></span> <span class='ocrx_word' id='word_1_367' title='bbox 512 3781 644 3851; x_wconf 87' lang='lat' dir='ltr'><strong>Scipionis</strong></span> <span class='ocrx_word' id='word_1_368' title='bbox 656 3781 757 3850; x_wconf 89' lang='lat' dir='ltr'><strong>possim</strong></span> <span class='ocrx_word' id='word_1_369' title='bbox 766 3798 936 3870; x_wconf 60' lang='lat' dir='ltr'><strong>3⁰⁰in?.³fiii·</strong></span> <span class='ocrx_word' id='word_1_370' title='bbox 949 3807 971 3872; x_wconf 63' lang='lat'><strong>33</strong></span> <span class='ocrx_word' id='word_1_371' title='bbox 982 3781 1016 3869; x_wconf 60' lang='lat' dir='ltr'><strong>ip</strong></span> <span class='ocrx_word' id='word_1_372' title='bbox 1036 3783 1086 3836; x_wconf 86' lang='lat' dir='ltr'><strong>bac</strong></span> <span class='ocrx_word' id='word_1_373' title='bbox 1184 3798 1190 3803; x_wconf 88' lang='grc'><strong><em>·</em></strong></span> <span class='ocrx_word' id='word_1_374' title='bbox 1214 3791 1216 3803; x_wconf 90' lang='grc'><strong><em>·</em></strong></span> 
     </span>
    </p>
   </div>
   <div class='ocr_carea' id='block_1_6' title="bbox 767 3869 1006 3954">
    <p class='ocr_par' dir='ltr' id='par_1_7' title="bbox 767 3869 1006 3954">
     <span class='ocr_line' id='line_1_44' title="bbox 767 3869 1005 3920; baseline -0.008 -19"><span class='ocrx_word' id='word_1_375' title='bbox 767 3875 776 3920; x_wconf 74' lang='lat'>:</span> <span class='ocrx_word' id='word_1_376' title='bbox 834 3887 843 3901; x_wconf 66' lang='lat' dir='ltr'><strong>a</strong></span> <span class='ocrx_word' id='word_1_377' title='bbox 866 3873 910 3918; x_wconf 50' lang='lat' dir='ltr'><strong>sp</strong></span> <span class='ocrx_word' id='word_1_378' title='bbox 942 3869 1005 3916; x_wconf 56' lang='lat' dir='ltr'><strong>ljos„</strong></span> 
     </span>
     <span class='ocr_line' id='line_1_45' title="bbox 775 3911 1006 3954; baseline -0.009 -2"><span class='ocrx_word' id='word_1_379' title='bbox 775 3911 813 3954; x_wconf 53' lang='lat' dir='ltr'><strong>u.</strong></span> <span class='ocrx_word' id='word_1_380' title='bbox 839 3919 895 3951; x_wconf 51' lang='grc' dir='ltr'><strong>ἰ..</strong></span> <span class='ocrx_word' id='word_1_381' title='bbox 949 3915 1006 3947; x_wconf 53' lang='lat'><strong>⁶⁶⁹</strong></span> 
     </span>
    </p>
   </div>
   <div class='ocr_carea' id='block_1_7' title="bbox 0 0 1224 4164">
    <p class='ocr_par' dir='ltr' id='par_1_8' title="bbox 0 0 1224 4164">
     <span class='ocr_line' id='line_1_46' title="bbox 0 0 1224 4164; baseline 0 0"><span class='ocrx_word' id='word_1_382' title='bbox 0 0 1224 4164; x_wconf 95' lang='lat' dir='ltr'><strong> </strong></span> 
     </span>
    </p>
   </div>
  </div>
 </body>
</html>
