2436 4164
145 285 184 339 44
465 297 500 338 ιι.
521 297 631 338 ruuuir
652 295 819 338 o1cuaou1s

145 455 245 506 gerere,
272 441 383 506 quicum
403 437 573 490 familiariter
594 436 701 489 vixeris.
745 435 789 487 Ab
806 434 925 487 amicitia
947 435 978 499 Q.
1004 435 1131 503 Pompeii

145 534 207 570 meo
219 518 329 570 nomine
344 535 371 569 se
393 521 554 582 removerat,
579 520 612 567 ut
635 516 717 582 scitis,
744 514 852 582 Scipio;
871 518 982 581 propter
1002 514 1130 566 dissensi·

146 613 227 648 onem
244 601 347 661 autem,
371 613 433 663 quae
457 599 515 647 erat
536 595 565 646 in
588 611 618 646 re
641 594 758 662 publica,
783 593 918 660 alienatus
940 598 982 645 est
995 610 1012 644 a
1026 593 1131 660 collega

146 679 239 728 nostro
253 675 384 728 Metello:
405 678 553 740 utrumque
571 673 626 741 egit
647 673 773 740 graviter,
800 672 971 738 auctoritate,
996 676 1024 724 et
1046 673 1131 724 offen-

146 755 221 806 sione
234 753 318 806 animi
335 770 391 804 non
411 753 512 804 acerba.
558 750 603 808 78.
627 751 808 815 Quamobrem
817 750 935 819 primum
946 751 1037 803 danda
1047 767 1132 818 opera

146 837 196 899 cst,
212 849 247 884 ne
270 849 325 899 qua
344 833 491 884 amicorum
505 831 618 883 discidia
630 831 698 882 fiant
710 849 717 894 ;
737 830 780 882 ein
792 830 848 882 tale
869 829 974 897 aliquid
995 830 1128 896 evenerit,

146 915 179 963 ut
200 911 330 962 extinctae
353 909 444 978 potius
466 909 602 976 amicitiae,
625 926 708 977 quam
734 925 868 976 oppressae
894 926 951 960 esse
971 908 1126 960 videantur.

147 989 305 1042 Cavendum
319 1006 393 1056 vero,
409 1007 444 1041 ne
464 988 547 1040 etiam
570 988 600 1040 in
621 1005 716 1055 graves
740 988 896 1040 inimicitias
919 991 1130 1040 convertentes

146 1068 291 1132 amicitiee;
312 1083 347 1119 ex
361 1068 467 1135 quibus·
471 1067 571 1135 jurgia,
592 1067 746 1133 maledicta,
771 1067 943 1119 contumeliae
966 1067 1125 1134 gignuntur.

147 1146 251 1210 Quaet
252 1164 331 1199 amen
355 1147 379 1198 si
400 1147 556 1198 tolerabiles
578 1150 668 1213 erunt,
694 1145 815 1198 ferendae
836 1149 921 1210 sunt3
942 1149 970 1197 et
983 1146 1028 1197 hic
1041 1145 1130 1198 honos

145 1226 233 1278 veteri
245 1226 372 1278 amicitiae
385 1225 548 1278 tribuendus
562 1229 613 1290 est,
625 1225 678 1276 ut
670 1242 694 1276 rs
707 1225 826 1292 inculpa
840 1225 884 1291 sit,
901 1224 949 1292 qui
962 1224 1053 1290 faciat,
1072 1241 1130 1276 non

136 1305 170 1358 ,ιθ
181 1305 229 1372 qui
241 1304 382 1372 patiatur
375 1305 511 1372 injuriam.
536 1265 654 1356 Omnino
666 1303 789 1355 omnium
796 1303 894 1356 horum
904 1303 1035 1356 vitiorum
1044 1308 1130 1371 atque

146 1383 379 1436 incommodorum
391 1401 448 1436 una
461 1383 552 1435 cautio
565 1391 607 1434 est
620 1387 704 1449 atque
716 1399 773 1434 una
792 1382 919 1450 provisio,
943 1385 976 1434 ut
999 1399 1034 1434 ne
1047 1383 1130 1434 nimis

147 1463 200 1515 cito
214 1462 356 1530 diligere'
349 1463 518 1530 mcipiamus‚
543 1479 612 1514 neve
634 1479 691 1513 non
712 1461 820 1528 dignos.
862 1459 906 1518 79.
931 1461 1016 1529 Digni
1036 1465 1130 1514 autem

146 1546 211 1594 sunt
224 1542 352 1607 amicitia,
364 1541 484 1608 quibus'
476 1559 506 1592 ιιι
519 1541 585 1608 ipsis
598 1541 669 1592 inest
680 1557 769 1606 eausa,
785 1557 834 1592 cur
841 1540 998 1608 diligantur.
1023 1540 1130 1593 Rarum

145 1624 244 1688 genus!
266 1626 294 1671 et
304 1620 415 1686 quidem
423 1621 514 1673 omnia
522 1620 649 1687 praeclara
662 1636 723 1672 rara
736 1639 743 1684 ;
757 1637 807 1672 nec
820 1619 970 1688 quidquam
983 1619 1128 1686 difficilius,

146 1716 229 1765 quam
242 1699 366 1765 reperire,
384 1699 457 1766 quod
471 1699 507 1751 sit
521 1698 595 1750 omni
608 1716 643 1750 ex
656 1699 776 1765 partein
794 1715 843 1750 suo
856 1715 953 1766 genere
965 1699 1125 1766 perfectum.

147 1778 200 1829 Sed
214 1777 335 1844 plerique
349 1794 438 1844 neque
451 1777 480 1828 in
494 1777 575 1829 rebus
587 1777 714 1828 humanis
727 1777 878 1844 quidquam
891 1777 994 1830 bonum
1014 1782 1128 1843 norunt,

146 1855 199 1907 nisi
226 1856 299 1922 quod
321 1855 494 1908 fructuosum
517 1857 572 1919 sit;
593 1859 622 1907 et
643 1856 752 1922 amicos,
777 1860 911 1924 tanquam
932 1856 1058 1924 pecudes,
1084 1874 1131 1908 eos

146 1934 318 2002 potissimum
327 1934 454 2002 diligunt,
465 1935 607 2002 exquibus
621 1938 731 2002 sperant
745 1952 773 1986 se
783 1935 933 1988 maximum
941 1936 1061 1988 fructum
1072 1953 1130 1988 esse

147 2018 279 2080 capturos.
324 2015 370 2066 80.
396 2013 441 2066 Ita
455 2013 635 2082 pulcherrima
648 2013 697 2065 illa
710 2015 738 2064 ct
760 2014 878 2066 maxime
896 2013 1016 2067 naturali
1036 2020 1130 2066 carent
1210 2060 1212 2064 .

147 2092 275 2158 amicitia,
291 2110 339 2160 per
352 2109 380 2144 se
394 2096 422 2144 ct
440 2097 551 2161 propter
572 2109 600 2144 se
621 2091 764 2160 expetita3
784 2109 835 2145 nec
857 2093 909 2160 ipsi
930 2093 982 2145 sibi
1005 2094 1130 2160 exemplo

147 2176 221 2237 sunt,
236 2171 295 2223 haec
310 2171 349 2224 vis
362 2172 489 2224 amicitiae
503 2171 591 2239 qualis
604 2175 633 2222 et
646 2175 750 2238 quanta
763 2171 806 2226 sit.
851 2171 913 2239 Ipse
927 2172 1042 2224 enimse
1056 2173 1129 2240 quis-

147 2268 201 2318 que
211 2250 310 2317 diligit,
326 2267 382 2302 non
395 2255 429 2302 ut
442 2251 562 2318 aliquam
576 2267 592 2302 a
612 2267 640 2302 se
659 2251 716 2317 ipse
729 2251 881 2302 mercedem
895 2251 986 2318 exigat
1008 2251 1130 2304 caritatis

147 2346 212 2394 suae,
229 2329 276 2380 sed
290 2329 364 2396 quod
377 2345 425 2395 per
439 2347 467 2380 se
481 2329 533 2380 sibi
541 2329 655 2396 quisque
670 2346 747 2381 carus
761 2334 812 2382 est.
854 2329 933 2392 Quod
946 2329 1000 2382 nisi
1013 2329 1086 2382 idem
1099 2331 1129 2382 in
1215 2333 1216 2340 ’

147 2407 293 2460 amicitiam
308 2407 496 2472 transferetur,
512 2424 592 2458 verus
610 2407 712 2459 amicus
733 2425 876 2476 nunquam
897 2409 1066 2476 reperietur:
1088 2414 1130 2461 est

147 2487 221 2538 euim
234 2486 257 2537 is
271 2485 384 2552 quidem
396 2489 529 2552 tanquam
542 2485 612 2538 alter
625 2485 705 2538 idem.
751 2489 797 2539 81.
822 2486 903 2549 Quod
916 2488 939 2539 si
952 2487 1003 2540 hoc
1016 2493 1129 2554 apparet

147 2565 176 2616 in
190 2564 292 2630 bestiis,
309 2564 472 2630 volueribus,
488 2564 627 2630 nantibus,
644 2565 805 2632 agrestibus,
824 2566 966 2632 cicuribus,
985 2566 1059 2632 feris,
1075 2569 1129 2634 pn'-

147 2661 223 2696 mum
236 2647 269 2694 ut
283 2659 310 2694 se
321 2642 436 2710 diligant
447 2643 486 2710 (id
495 2643 568 2694 enim
575 2643 676 2710 pariter
684 2637 746 2695 curn
755 2644 829 2696 omni
839 2645 977 2698 animante
984 2645 1127 2714 nescitur),
1215 2707 1216 2718 γ

147 2723 255 2788 deinde,
271 2725 303 2773 ut
317 2722 457 2788 requirant
470 2726 554 2788 atque
567 2726 706 2788 appetent,
723 2723 759 2774 ad
772 2740 841 2791 quas
854 2741 882 2775 se
896 2724 1040 2790 applicent,
1058 2725 1129 2792 ejus·
1215 2725 1216 2788 J

148 2802 211 2854 dem
234 2800 339 2868 generis
361 2800 514 2853 animantes
538 2800 632 2868 (idque
653 2801 758 2852 faciunt
782 2819 844 2854 cum
861 2802 995 2856 desiderio
1018 2808 1046 2856 et
1067 2821 1129 2855 cum
1215 2801 1216 2846 ἶ

148 2880 267 2947 quadam
293 2879 472 2932 similitudine
499 2879 598 2932 amoris
624 2879 770 2948 humani);
801 2885 905 2948 quanto
931 2881 961 2934 id
988 2882 1073 2950 magis
1099 2883 1128 2934 iu

148 2959 257 3010 homine
271 2957 304 3009 fit
322 2961 430 3024 natura,
453 2959 502 3025 qui
523 2962 551 3010 et
565 2975 593 3010 se
606 2958 664 3025 ipse
688 2957 788 3026 diligit,
808 2963 836 3010 et
857 2961 975 3012 alterum
997 2961 1126 3028 anquirit,
1215 2983 1216 3008 l

148 3037 227 3103 cujus
248 3036 371 3090 animum
393 3037 434 3088 ita
455 3054 517 3089 cum
538 3054 587 3089 suo
608 3037 729 3104 misceat,
745 3038 887 3091 utefficiat
900 3055 979 3107 paene
993 3057 1080 3092 unum
1094 3057 1128 3092 ex
1215 3037 1216 3054 ¹

148 3114 275 3168 duobusl

187 3193 284 3248 XXII.
330 3195 375 3246 82.
408 3193 462 3246 Sed
484 3194 606 3261 plerique
628 3213 762 3263 perverse,
778 3213 812 3248 ne
836 3195 924 3248 dicam
944 3195 1126 3263 impudenter,

149 3275 232 3326 talem
253 3271 370 3324 amicum
391 3271 490 3324 habere
512 3273 619 3340 volunt,
645 3275 739 3342 quales
765 3275 817 3342 ipsi
838 3292 896 3327 esse
919 3292 975 3327 non
997 3280 1128 3342 possunt:

149 3369 265 3419 quaeque
278 3351 331 3418 ipsi
344 3368 400 3404 non
409 3351 537 3403 tribuunt
550 3353 650 3419 amicis,
667 3354 726 3406 haec
738 3354 773 3406 ab
787 3355 820 3406 iis
834 3353 996 3407 desiderant.
1021 3355 1076 3406 Par
1088 3360 1129 3407 est

148 3433 250 3497 eutem,
266 3430 385 3497 primum
398 3429 487 3497 ipsum
501 3447 558 3482 esse
572 3431 660 3484 virum
681 3432 793 3499 bonum,
809 3437 871 3485 tum
884 3433 1001 3485 alterum
1015 3431 1130 3486 similem

148 3509 192 3560 sui
205 3524 332 3575 quaerere.
377 3509 412 3560 In
425 3509 526 3561 talibus
540 3527 580 3576 aa,
596 3527 680 3578 quam
696 3511 860 3578 jamdudum
873 3516 1032 3579 tractamus,
1048 3513 1129 3565 stabi·

148 3587 212 3638 litas
239 3587 365 3640 amicitia
386 3588 538 3640 confirmari
558 3593 659 3656 potest,
683 3607 769 3657 quum
790 3590 914 3643 homines
940 3591 1130 3644 benevolentia

149 3665 298 3732 conjuncti,
326 3667 445 3733 primum
468 3667 666 3734 cupiditatibus
692 3669 734 3735 iis,
760 3669 861 3735 quibus
887 3670 970 3721 ceteri
996 3670 1127 3734 serviunt,

151 3743 343 3810 imperabunt;
363 3745 462 3797 deinde
476 3745 606 3813 aequitate
623 3746 787 3814 justitiaque
800 3747 968 3815 gaudebunt,
985 3749 1129 3818 omniaque
