2436 4164
467 265 546 308 caro
568 265 684 306 aaaron
1028 249 1066 308 21

84 409 150 462 Non
171 410 262 459 censet
282 405 430 474 lugendam
450 422 507 458 esse
526 409 651 471 mortem,
669 421 752 471 quam
771 403 962 458 immortalitas
976 422 1066 460 conse-

84 493 193 558 quatur.
239 484 284 544 74.
309 486 374 538 Jam
394 501 489 537 sensus
508 483 643 536 moriendi
662 483 761 551 aliquis
781 500 838 535 esse
858 488 969 550 potest3
988 485 1067 556 isque

84 567 120 620 ad
142 567 273 634 exiguum
299 569 417 633 tempus,
442 563 594 631 praesertim
620 561 678 614 seni
689 581 697 627 ;
724 566 787 630 post
812 566 929 615 mortem
955 564 1067 631 quidem

84 663 180 699 sensus
199 649 249 698 aut
269 644 414 712 optandus,
430 647 479 695 aut
496 642 590 694 nullus
609 645 659 695 est.
703 640 757 694 Sed
777 641 829 693 hoc
848 641 1012 694 meditatum
1031 643 1067 696 ab

84 724 268 778 adnleseentia
280 723 362 775 debet
375 739 441 788 esse,
456 725 573 774 mortem
590 725 624 772 ut
637 720 804 788 negligamus
817 739 822 772 :
843 720 901 772 sine
915 737 970 788 qua
982 723 1067 775 medi-

84 805 190 857 tatione
203 801 353 869 tranquillo
367 818 424 854 esse
444 801 535 852 annno
555 803 645 868 potest
664 815 753 852 nemo.
797 798 973 852 Moriendum
993 799 1066 853 enim

84 888 157 936 certe
182 885 242 934 est:
263 884 292 933 et
314 880 344 932 id
365 879 509 945 incertum,
528 895 565 931 an
587 877 639 930 boc
661 878 721 947 ipso
744 877 796 930 die.
840 877 960 930 Mortem
982 879 1066 947 igitur

84 961 211 1015 omnibus
234 959 308 1013 horis
330 959 534 1027 impendentem
556 957 666 1023 timens,
689 957 738 1025 qui
763 957 865 1024 poterit
891 957 982 1010 auimo
1003 975 1065 1010 con·

84 1039 201 1094 sisteret
242 1037 286 1096 75.
310 1038 353 1090 De
375 1055 430 1106 qua
450 1053 506 1090 non
528 1036 569 1089 ita
594 1036 676 1104 longa
702 1035 887 1103 disputatione
913 1053 982 1104 opus
1008 1054 1066 1090 ease

83 1121 203 1186 videtur,
219 1135 306 1186 quum
318 1117 451 1184 recorder,
463 1133 520 1168 non
533 1114 562 1167 L
580 1114 709 1182 Brutum,
721 1115 770 1183 qui
782 1114 812 1166 in
824 1114 965 1168 liberanda
977 1117 1066 1183 patria

83 1203 126 1252 est
149 1198 319 1262 interfectus,
334 1212 391 1249 non
415 1195 471 1248 duo
492 1195 600 1262 Decios,
615 1193 664 1262 qui
686 1193 723 1246 ad
743 1193 926 1246 voluntariam
949 1197 1065 1247 mortem

82 1295 194 1330 cursum
207 1292 340 1344 equorum
357 1275 551 1340 incitavenmt,
566 1290 623 1326 non
643 1272 682 1326 M.
700 1273 827 1339 Atilium,
842 1272 891 1340 qui
908 1273 944 1325 ad
963 1273 1064 1341 suppli-

83 1358 157 1409 cium
170 1360 212 1408 est
225 1355 372 1423 profectus,
388 1357 421 1406 ut
440 1353 523 1406 fidem
533 1351 607 1404 hosti
620 1351 714 1405 datam
727 1355 907 1417 conservaret,
924 1369 981 1404 non
994 1352 1063 1405 duos

83 1436 231 1504 Scipiones,
247 1433 295 1500 qui
315 1434 369 1485 iter
390 1432 485 1484 Poenis
505 1431 551 1483 vel
572 1431 728 1498 corporibus
751 1429 808 1482 suis
827 1429 967 1482 obstruere
987 1432 1064 1484 volu·

82 1519 175 1581 erunt,
190 1530 246 1566 non
259 1529 341 1565 avum
353 1516 436 1564 tuum
456 1511 486 1564 L.
504 1510 643 1576 Paullum,
658 1509 707 1578 qui
725 1512 814 1562 morte
833 1508 886 1560 luit
906 1509 1015 1577 collegae
1034 1511 1063 1562 in

83 1592 222 1646 Cannensi
247 1591 395 1658 ignominia
420 1589 613 1654 temeritatem,
637 1605 694 1640 non
721 1589 764 1642 M.
789 1587 960 1655 Marcellum,
984 1589 1064 1656 cujus

82 1671 228 1724 interitum
254 1687 290 1722 ne
311 1669 512 1722 crudelissimus
536 1667 648 1736 quidem
674 1667 760 1720 hostis
786 1667 889 1719 honore
916 1667 1063 1735 sepulturae

83 1767 175 1802 carere
187 1765 282 1817 passus
295 1752 346 1814 est,
356 1748 402 1800 sed
412 1748 531 1816 legiones
540 1750 654 1812 nostras,
666 1746 740 1814 quod
750 1747 845 1814 scripsi
853 1747 883 1798 in
894 1745 1061 1814 Originibus,

81 1830 112 1880 in
127 1845 191 1880 eum
203 1828 293 1880 locum
314 1844 385 1895 saepe
406 1827 540 1895 profectas
561 1825 644 1878 alacri
664 1825 756 1878 animo
777 1829 806 1878 ct
825 1829 924 1892 erecto,
939 1825 1014 1878 unde
1034 1843 1063 1878 se

81 1923 226 1975 nunquam
238 1906 374 1959 redituras
386 1906 590 1958 arbitrarentur.
636 1904 716 1967 Quod
729 1904 814 1972 igitur
826 1905 1019 1971 adolescentes,
1035 1909 1063 1957 et

82 1987 103 2038 ii
123 1986 235 2054 quidem
254 2003 310 2038 non
331 1985 420 2038 solum
432 1984 546 2051 indocti,
562 1983 707 2036 sedetiam
719 1984 815 2036 rustici
829 1987 1017 2050 contemnunt,
1033 1985 1063 2036 id

82 2065 158 2118 docti
171 2082 247 2117 senes
260 2063 459 2118 extimescentl
490 2061 534 2120 76.
553 2062 681 2129 Omnino,
691 2066 724 2114 ut
736 2063 805 2114 milri
818 2063 929 2130 quidem
942 2062 1061 2123 videtur.

80 2162 173 2197 rerum
193 2144 316 2196 omnium
335 2143 447 2195 satietas
465 2142 531 2194 vitae
551 2142 617 2195 facit
636 2141 799 2196 satietatem
843 2140 915 2194 Sunt
938 2142 1063 2209 pueritiae

81 2227 156 2276 certa
182 2222 293 2286 studia3
313 2239 381 2274 num
407 2221 491 2288 igitur
513 2238 546 2273 ee
568 2221 723 2274 desiderant
746 2220 952 2273 adolescentes?
991 2220 1062 2274 Sunt

80 2301 204 2354 ineuntis
217 2300 425 2354 adolescentiae:
445 2317 513 2352 num
527 2317 558 2352 ea
571 2303 698 2354 constans
708 2299 767 2367 jam
779 2299 895 2366 requirit
908 2304 984 2368 astas,
1000 2319 1063 2369 quae

80 2380 173 2433 media
187 2379 307 2433 dicitur?
347 2379 419 2432 Sunt
437 2379 521 2432 etiam
541 2379 601 2448 ejus
621 2378 729 2432 astatis:
750 2395 785 2430 ne
805 2396 837 2431 ea
857 2379 969 2446 quidem
989 2397 1062 2448 quae·

81 2464 184 2512 runtur
196 2460 226 2512 in
240 2463 387 2512 senectute.
431 2458 503 2512 Sunt
516 2463 638 2511 extrema
651 2457 778 2526 quaedam
791 2458 883 2511 studia
895 2461 1043 2512 senectutis
1054 2481 1063 2526 ;

81 2555 147 2607 ergo
160 2543 194 2590 ut
208 2539 376 2606 superiorum
389 2541 504 2591 astatum
517 2537 609 2590 studia
622 2536 759 2602 occidunt,
775 2536 814 2589 sic
833 2538 961 2590 occidunt
980 2541 1063 2593 etiam

81 2618 250 2681 senectutis;
271 2617 346 2685 quod
366 2633 453 2688 quum
473 2617 573 2683 evenit,
590 2615 701 2668 satietas
721 2615 786 2667 vitae
804 2620 912 2684 tempus
924 2622 1063 2672 maturum

81 2698 179 2749 mortis
193 2696 277 2750 affert.

122 2775 203 2828 XXL
229 2773 273 2832 77.
297 2775 434 2842 Equidem
454 2792 511 2827 non
536 2774 626 2841 video,
649 2791 706 2841 cur,
728 2775 795 2842 quid
815 2775 873 2842 ipse
893 2771 1009 2829 sentiam
1028 2777 1063 2830 de

82 2859 180 2921 morte,
195 2870 251 2906 non
265 2853 380 2906 audeam
398 2854 476 2906 vobis
495 2853 605 2918 dicere;
625 2852 700 2920 quod
720 2870 752 2905 eo
764 2854 862 2906 melius
875 2854 943 2906 mihi
956 2873 1063 2908 cernere

83 2933 186 3000 videor,
200 2949 254 3000 quo
267 2933 302 2985 ab
316 2949 348 2984 ea
360 2933 471 3000 propius
484 2932 586 2985 absum.
618 2931 676 2999 Ego
690 2935 793 2984 vestros
806 2937 904 3000 patras,
916 2933 947 2987 P.
963 2934 1061 3003 Scipio,

81 3017 179 3079 tuque,
204 3010 232 3065 0.
255 3011 331 3077 Laeli,
352 3011 424 3063 viros
444 3010 605 3064 munros
624 3010 747 3078 mihique
768 3011 952 3079 amicissimos,
972 3013 1063 3066 vivere

81 3090 218 3153 arbitror;
238 3094 267 3142 et
287 3107 347 3142 eam
367 3090 478 3157 quidem
498 3089 593 3156 vitam,
609 3106 671 3157 quae
691 3093 732 3142 est
746 3090 803 3142 sola
815 3091 874 3144 vita
886 3091 1059 3146 nominanda

82 3169 165 3234 Nam,
182 3169 249 3220 dum
270 3185 363 3220 sumus
383 3168 482 3221 inclusi
500 3168 530 3220 in
549 3168 592 3220 his
613 3168 787 3236 compagibus
807 3171 933 3237 corporis,
951 3187 1063 3224 munere

82 3247 201 3316 quodam
227 3246 395 3300 necessitatis
418 3251 447 3299 et
473 3247 548 3314 gravi
571 3263 650 3315 opere
673 3247 869 3315 perfungimur.
912 3248 963 3300 Est
989 3250 1061 3302 enim

81 3327 190 3379 animus
213 3326 328 3379 caelestis
347 3342 382 3378 ex
402 3325 533 3378 altissimo
553 3324 690 3378 domicilio
709 3326 851 3393 depressus
871 3330 899 3378 et
919 3328 997 3394 quasi
1017 3328 1061 3380 de·

81 3421 186 3456 memus
212 3403 241 3456 in
267 3408 377 3470 terram,
399 3404 489 3457 locum
515 3403 616 3457 divinae
642 3408 748 3456 naturae
775 3405 977 3472 aetemitatique
1000 3424 1061 3460 com

81 3483 203 3536 trarium.
249 3481 302 3535 Sed
334 3483 414 3536 credo
444 3483 517 3535 Deos
547 3483 714 3535 immortales
744 3483 871 3549 sparsisse
902 3485 1006 3536 animoa
1032 3486 1060 3537 in

81 3579 194 3630 corpora
206 3562 335 3628 humana,
350 3565 383 3614 ut
397 3565 496 3628 essent,
512 3561 560 3629 qui
579 3565 665 3613 terras
677 3565 830 3628 tuerentur,
847 3561 957 3629 quique,
974 3563 1059 3616 eaeles

81 3641 154 3694 tium
167 3641 289 3694 ordinem
303 3640 526 3707 contemplantes,
541 3639 715 3692 imitarentur
728 3656 789 3691 eum
804 3639 870 3692 vitae
882 3641 966 3694 modo
979 3645 1057 3708 atquc

81 3719 242 3774 constantia
286 3718 315 3770 N
316 3735 346 3773 ec
366 3735 409 3771 me
429 3719 518 3772 solum
537 3718 608 3771 ratio
627 3721 656 3770 et
676 3715 826 3786 disputatio
841 3718 959 3788 impulit,
976 3719 1029 3772 ut?
