2436 4164
541 315 675 358 annius.
1062 304 1098 360 81

8 481 10 484 ·
117 455 227 509 Crassus
241 475 248 520 ς
268 473 332 508 nam
346 472 486 508 censuram
500 454 557 508 sine
571 456 693 508 Scaevola
705 458 787 524 gessit
801 477 808 522 ;
836 476 900 510 eum
914 459 987 511 enim
1000 461 1097 527 magis-

115 539 221 588 tratum
234 551 314 586 nemo
327 551 449 602 unquam
463 535 644 586 Scaevolarum
657 536 763 602 petivit
792 535 845 589 Sed
859 537 917 589 heac
932 537 1020 590 Crassi
1034 557 1096 591 cum

116 614 191 666 edita
203 614 289 666 oratio
302 617 351 680 est,
377 630 459 680 quam
475 617 504 665 te
525 631 596 680 saepe
618 613 713 682 legisse
735 620 809 668 certo
826 615 891 682 scic,
915 622 1046 684 quattuor
1067 623 1096 669 et

115 693 228 760 triginta
241 697 302 744 tum
316 692 433 744 habebat
447 708 532 744 annos
545 692 716 760 totidemque
730 695 809 746 annis
830 695 898 747 mihi
922 700 1004 747 aetate
1026 713 1094 763 prae-

115 763 214 824 stabat.
235 771 288 823 His
296 771 371 823 enim
378 771 534 822 consulibus
542 787 602 822 eam
612 771 699 838 legem
710 773 803 839 suasit,
815 773 914 840 quibus
923 775 981 825 nati
989 791 1092 840 sumus,

115 850 249 918 cumipse
263 854 332 902 esset
346 849 378 912 Q.
395 849 521 916 Goepione
534 850 645 902 consule
658 855 739 902 natus
753 855 781 903 et
800 851 828 905 0.
857 852 951 918 Laelio,
976 853 1096 904 triennio

91 928 174 995 'ipsc
194 929 284 980 minor
306 945 389 996 quam
412 929 556 980 Antonius
601 927 680 990 Quod
704 929 804 982 idcirco
826 931 913 998 posui,
929 935 971 997 ut,
987 931 1096 984 dicendi

114 1007 213 1059 Latine
225 1008 314 1074 prima
325 1007 470 1059 maturitas
483 1007 512 1058 in
526 1023 581 1074 qua
594 1011 676 1059 aetate
695 1009 853 1075 exstitisset,
878 1014 970 1076 posset
993 1011 1092 1076 notari,

114 1089 143 1136 et
155 1086 353 1153 intelligeretur
362 1086 421 1153 jam
434 1085 469 1137 ed
482 1102 619 1137 summum
639 1103 716 1153 paene
738 1103 795 1139 esse
816 1088 984 1155 perductam,
1009 1093 1042 1140 ut
1064 1105 1096 1141 co

113 1164 184 1216 nibil
197 1157 282 1217 ferme
291 1165 434 1232 quisquam
447 1164 547 1216 addere
561 1170 659 1231 posset,
669 1165 722 1216 nisi
733 1165 781 1233 qui
790 1183 806 1218 a
816 1166 995 1234 philosophia,
1005 1184 1022 1220 a
1031 1167 1095 1236 jure

114 1243 196 1309 civili,
213 1243 248 1295 ab
260 1243 373 1295 historia
386 1242 483 1294 missae
495 1242 660 1296 instructior.
1033 1297 1038 1304 ,

152 1321 256 1374 XLIV.
302 1323 366 1375 162.
391 1321 460 1387 Erit,
475 1322 566 1388 inquit
590 1321 701 1388 Brutus,
728 1327 777 1375 aut
794 1323 852 1390 jam
874 1329 915 1376 est
935 1325 996 1391 iste,
1013 1342 1095 1392 quem

114 1401 274 1468 exspectasl
326 1401 434 1464 Nescio,
463 1401 583 1466 inquam.
641 1401 694 1453 Sed
717 1406 759 1453 est
779 1401 863 1454 etiam
890 1402 919 1454 L
951 1403 1039 1455 Crassi
1065 1405 1095 1456 in

113 1478 258 1531 consulatu
280 1496 329 1546 pro
351 1478 382 1541 Q.
408 1478 534 1545 Oaepione
555 1479 712 1531 defensione
732 1480 830 1547 juncta
851 1498 907 1533 non
933 1481 1032 1548 brevis,
1062 1487 1095 1534 nt

113 1557 243 1622 laudatio,
260 1563 293 1609 ut
306 1558 393 1609 oratio
406 1561 508 1622 autem,
524 1557 632 1620 brevia;
652 1565 789 1625 postrema
797 1560 914 1612 censoris
927 1560 1023 1626 oratic,
1040 1578 1095 1628 qna

113 1653 186 1688 anno
209 1635 525 1703 duodequinquagesimo
551 1653 617 1688 usus
644 1641 693 1689 est.
738 1637 773 1688 In
799 1637 842 1689 his
869 1639 995 1690 omnibus
1022 1640 1095 1691 inest

114 1715 227 1782 quidam
241 1715 298 1766 sine
312 1714 368 1767 ullo
381 1715 444 1766 fuco
459 1714 580 1766 veritatis
594 1715 686 1778 color;
707 1716 774 1783 quin
788 1717 871 1769 etiam
892 1717 1095 1784 comprehensio

113 1798 143 1845 et
164 1793 284 1846 ambitus
304 1793 351 1844 ille
372 1793 526 1859 verborum,
549 1793 573 1845 si
593 1794 632 1846 sic
644 1792 765 1864 περίοδον
777 1795 908 1862 appellari
921 1793 1020 1862 placet,
1036 1801 1094 1848 erat

114 1873 187 1939 apud
209 1872 289 1924 illum
312 1877 468 1928 contractus
491 1876 520 1923 et
542 1871 641 1938 brevia,
662 1877 690 1925 et
711 1873 741 1925 in
754 1874 875 1926 membra
888 1875 1092 1942 quadamque

115 1955 187 2004 κῶλα
201 1949 289 2003 Graeci
302 1955 410 2016 vocant,
427 1950 603 2018 dispertiebat
617 1952 767 2004 orationem
776 1952 914 2006 libentius.
944 1955 1008 2006 163.
1033 1953 1095 2006 Hoc

113 2031 174 2082 loco
198 2031 310 2094 Brutus,
335 2029 451 2092 Quando
472 2029 583 2096 quidem
606 2033 639 2082 tu
662 2030 729 2082 istos
756 2034 883 2096 oratores,
908 2032 1008 2098 inquit,
1034 2036 1095 2084 tan-

114 2113 208 2176 topere
227 2107 332 2174 laudas,
346 2108 445 2160 vellem
458 2107 562 2175 aliquid
577 2109 699 2160 Antonio
711 2113 810 2176 praeter
830 2109 909 2160 illum
932 2109 967 2161 dc
990 2111 1095 2161 ratione

114 2188 224 2240 dicendi
244 2203 308 2241 sanc
332 2187 431 2238 exilem
455 2186 587 2252 libellum,
613 2187 692 2253 plura
713 2187 809 2239 Crasso
822 2187 946 2239 libuisset
960 2188 1094 2241 scribere:

114 2283 178 2318 cum
208 2268 281 2319 enim
309 2265 435 2317 omnibus
462 2264 620 2316 memoriam
648 2266 700 2332 sui,
730 2270 791 2318 tum
819 2266 902 2318 etiam
923 2266 1095 2333 disciplinam

114 2345 225 2397 dicendi
244 2343 323 2398 nobis
342 2343 522 2410 reliquissent
567 2343 641 2394 Nam
661 2343 789 2396 Scaevolae
809 2343 917 2397 dicendi
933 2345 1096 2412 elegantiam

114 2423 181 2476 satis
208 2441 242 2475 ex
270 2425 309 2476 eis
335 2422 511 2486 orationibus,
542 2439 609 2488 quas
635 2423 756 2490 reliquit,
790 2423 921 2475 habemus
947 2425 1091 2490 cognitam.

116 2505 182 2556 164.
219 2502 257 2554 Et
283 2519 343 2568 ego,
366 2501 438 2552 Mihi
461 2500 572 2567 quidem
593 2517 610 2551 a
632 2501 749 2568 pueritie
771 2502 849 2568 quasi
875 2502 1004 2568 magistra
1030 2503 1092 2568 fuit,

113 2581 238 2648 inquam,
261 2582 309 2634 illa
330 2580 359 2631 in
380 2580 467 2646 legem
490 2577 624 2645 Oaepionis
645 2581 754 2643 oratio;
774 2580 803 2632 in
828 2597 889 2648 qua·
906 2584 934 2632 et
948 2581 1096 2632 auctoritas

114 2663 230 2711 ornatur
243 2665 361 2725 senatus,
378 2674 433 2724 quo
443 2673 492 2724 pro
505 2657 598 2708 ordine
612 2657 659 2709 illa
672 2657 810 2722 dicuntur,
836 2662 865 2710 et
887 2657 991 2710 invidia
1009 2659 1096 2710 conci·

113 2742 192 2790 tatur
204 2737 234 2790 in
244 2737 370 2805 judicum
384 2740 412 2788 et
426 2735 455 2787 in
475 2739 661 2787 accusatorum
682 2736 837 2802 factionem,
861 2740 956 2788 contra
980 2753 1097 2804 quorum

113 2817 268 2883 potentiam
281 2815 448 2884 populariter
461 2817 521 2864 tum
535 2813 681 2866 dicendum
703 2815 765 2866 fnit.
809 2813 902 2866 Multa
918 2815 948 2867 in
969 2815 1018 2867 illa
1039 2832 1096 2867 ora·

114 2895 191 2946 tione
204 2896 333 2962 graviter,
349 2894 437 2946 multa
450 2892 557 2957 leniter,
573 2892 661 2944 multa
674 2909 776 2960 aspere,
802 2893 891 2944 multa
912 2894 999 2946 facete
1023 2893 1097 2946 dicta

114 2972 203 3036 sunt5
231 2974 311 3040 plura
332 2973 415 3024 etiam
438 2971 512 3022 dicta
534 2987 616 3036 quam
632 2971 741 3037 scripta,
770 2971 844 3037 quod
871 2988 906 3023 ex
933 2972 1096 3040 quibusdam

114 3052 251 3118 capitibus
278 3051 407 3120 expositis
433 3065 483 3100 nec
510 3049 651 3115 explicatis
676 3049 794 3116 intelligi
818 3053 917 3117 potest.
962 3050 1026 3118 Ipsa
1049 3050 1096 3102 illa

114 3130 237 3182 censoria
258 3135 351 3182 contra
372 3129 420 3181 Cn.
448 3127 601 3179 Domitium
623 3127 752 3195 collegam
772 3144 828 3180 non
852 3133 894 3180 est
921 3129 1027 3192 cratio;
1048 3129 1096 3180 sed

114 3209 195 3275 quasi
209 3209 298 3276 capita
310 3225 402 3260 rerum
420 3211 448 3258 et
471 3205 601 3257 orationis
623 3207 847 3258 commentarium
870 3207 951 3272 paulo
969 3207 1096 3274 plenins;

114 3287 193 3338 nulla
207 3291 249 3338 est
263 3287 336 3339 enim
350 3279 490 3338 altercatio
503 3283 665 3337 clamoribus
678 3301 800 3351 unquam
823 3284 917 3335 habita
937 3284 1093 3351 majoribus.

117 3368 183 3418 165.
208 3365 247 3417 Et
269 3382 334 3417 vero
360 3365 415 3416 fuit
435 3363 465 3414 in
486 3362 538 3413 hoc
558 3363 642 3415 etiam
667 3363 805 3430 popularis
831 3362 915 3414 dictio
942 3363 1097 3426 excellens3

116 3445 234 3496 Antonii
246 3461 332 3511 genus
346 3441 454 3495 dicendi
465 3439 553 3492 multo
566 3442 657 3508 aptius
673 3441 784 3508 judiciis
797 3457 880 3508 quam
894 3441 1073 3494 contionibus.

156 3521 245 3576 XLV.
271 3521 332 3574 Hoc
349 3523 409 3574 loco
434 3521 525 3588 ipsum
545 3519 697 3571 Domitium
720 3536 776 3572 non
797 3519 941 3582 relinquo;
961 3536 1026 3571 nam
1046 3525 1074 3572 et

118 3619 174 3653 non
198 3601 256 3653 fuit
277 3601 306 3652 in
330 3604 478 3660 oratorum=
490 3613 611 3664 numero,
634 3602 727 3650 tamen
744 3613 817 3664 pono
834 3597 900 3649 satis
919 3598 949 3648 in
970 3615 1002 3650 eo
1015 3599 1062 3650 fui·

118 3680 248 3732 orationis
268 3683 352 3746 atque
371 3678 482 3745 ingenii,
501 3691 556 3741 quo
580 3682 608 3728 et
628 3676 802 3743 magistratus
825 3693 967 3743 personam
987 3682 1015 3729 et
1036 3695 1058 3730 c<

118 3759 237 3810 sularem
251 3757 415 3824 dignitatem
434 3757 558 3808 tueretur
570 3775 576 3819 ;
597 3755 673 3822 quod
686 3755 759 3807 idem
773 3755 807 3808 de
821 3753 849 3808 O.
868 3753 1058 3879 Caelioadixeri

930 3844 946 3877 s
