<?xml version="1.0" encoding="UTF-8"?>
<!DOCTYPE html PUBLIC "-//W3C//DTD XHTML 1.0 Transitional//EN"
    "http://www.w3.org/TR/xhtml1/DTD/xhtml1-transitional.dtd">
<html xmlns="http://www.w3.org/1999/xhtml" xml:lang="en" lang="en">
 <head>
  <title>
</title>
<meta http-equiv="Content-Type" content="text/html;charset=utf-8" />
  <meta name='ocr-system' content='tesseract 3.04.00' />
  <meta name='ocr-capabilities' content='ocr_page ocr_carea ocr_par ocr_line ocrx_word'/>
</head>
<body>
  <div class='ocr_page' id='page_1' title='image "./catomajorlacliu00cicegoog_0068.png"; bbox 0 0 2436 4164; ppageno 0'>
   <div class='ocr_carea' id='block_1_1' title="bbox 529 301 1090 356">
    <p class='ocr_par' dir='ltr' id='par_1_1' title="bbox 529 301 1090 356">
     <span class='ocr_line' id='line_1_1' title="bbox 529 301 1090 356; baseline -0.004 -6"><span class='ocrx_word' id='word_1_1' title='bbox 529 309 662 351; x_wconf 71' lang='lat' dir='ltr'>BRUTUB.</span> <span class='ocrx_word' id='word_1_2' title='bbox 1052 301 1090 356; x_wconf 82' lang='grc'>55</span> 
     </span>
    </p>
   </div>
   <div class='ocr_carea' id='block_1_2' title="bbox 88 445 1090 2892">
    <p class='ocr_par' dir='ltr' id='par_1_2' title="bbox 94 445 1090 1942">
     <span class='ocr_line' id='line_1_2' title="bbox 103 445 1090 515; baseline 0.008 -17"><span class='ocrx_word' id='word_1_3' title='bbox 103 445 275 513; x_wconf 83' lang='lat' dir='ltr'>ecquodnam</span> <span class='ocrx_word' id='word_1_4' title='bbox 302 446 467 500; x_wconf 88' lang='lat' dir='ltr'>curriculum</span> <span class='ocrx_word' id='word_1_5' title='bbox 493 446 641 515; x_wconf 82' lang='lat' dir='ltr'>aliquando</span> <span class='ocrx_word' id='word_1_6' title='bbox 663 447 699 500; x_wconf 87' lang='lat' dir='ltr'>eit</span> <span class='ocrx_word' id='word_1_7' title='bbox 720 447 849 502; x_wconf 82' lang='lat' dir='ltr'>habitura</span> <span class='ocrx_word' id='word_1_8' title='bbox 870 453 920 503; x_wconf 85' lang='lat' dir='ltr'>tua</span> <span class='ocrx_word' id='word_1_9' title='bbox 940 455 970 503; x_wconf 89' lang='lat' dir='ltr'>et</span> <span class='ocrx_word' id='word_1_10' title='bbox 989 455 1090 506; x_wconf 85' lang='lat' dir='ltr'>natura</span> 
     </span>
     <span class='ocr_line' id='line_1_3' title="bbox 102 525 1089 594; baseline 0.006 -16"><span class='ocrx_word' id='word_1_11' title='bbox 102 525 270 578; x_wconf 75' lang='lat' dir='ltr'>admirabilis</span> <span class='ocrx_word' id='word_1_12' title='bbox 283 530 312 578; x_wconf 92' lang='lat' dir='ltr'>et</span> <span class='ocrx_word' id='word_1_13' title='bbox 325 525 462 594; x_wconf 85' lang='lat' dir='ltr'>exquisita</span> <span class='ocrx_word' id='word_1_14' title='bbox 474 525 599 580; x_wconf 88' lang='lat' dir='ltr'>doctrina</span> <span class='ocrx_word' id='word_1_15' title='bbox 619 530 648 580; x_wconf 87' lang='lat' dir='ltr'>et</span> <span class='ocrx_word' id='word_1_16' title='bbox 667 527 811 594; x_wconf 68' lang='lat' dir='ltr'>singultatis</span> <span class='ocrx_word' id='word_1_17' title='bbox 832 528 974 583; x_wconf 83' lang='lat' dir='ltr'>industria</span> <span class='ocrx_word' id='word_1_18' title='bbox 1018 530 1089 584; x_wconf 80' lang='lat' dir='ltr'>Cum</span> 
     </span>
     <span class='ocr_line' id='line_1_4' title="bbox 102 603 1089 672; baseline 0.008 -17"><span class='ocrx_word' id='word_1_19' title='bbox 102 603 176 655; x_wconf 87' lang='lat' dir='ltr'>enim</span> <span class='ocrx_word' id='word_1_20' title='bbox 189 605 219 656; x_wconf 90' lang='lat' dir='ltr'>in</span> <span class='ocrx_word' id='word_1_21' title='bbox 232 605 359 657; x_wconf 81' lang='lat' dir='ltr'>maximis</span> <span class='ocrx_word' id='word_1_22' title='bbox 372 605 460 657; x_wconf 88' lang='lat' dir='ltr'>causis</span> <span class='ocrx_word' id='word_1_23' title='bbox 473 610 596 658; x_wconf 88' lang='lat' dir='ltr'>versatus</span> <span class='ocrx_word' id='word_1_24' title='bbox 609 623 689 672; x_wconf 88' lang='lat' dir='ltr'>esses,</span> <span class='ocrx_word' id='word_1_25' title='bbox 712 611 740 658; x_wconf 92' lang='lat' dir='ltr'>et</span> <span class='ocrx_word' id='word_1_26' title='bbox 754 624 816 660; x_wconf 88' lang='lat' dir='ltr'>cum</span> <span class='ocrx_word' id='word_1_27' title='bbox 836 607 887 660; x_wconf 90' lang='lat' dir='ltr'>tibi</span> <span class='ocrx_word' id='word_1_28' title='bbox 908 615 974 661; x_wconf 84' lang='lat' dir='ltr'>aetas</span> <span class='ocrx_word' id='word_1_29' title='bbox 994 615 1089 664; x_wconf 86' lang='lat' dir='ltr'>nostra</span> 
     </span>
     <span class='ocr_line' id='line_1_5' title="bbox 100 682 1089 752; baseline 0.007 -17"><span class='ocrx_word' id='word_1_30' title='bbox 100 682 157 750; x_wconf 88' lang='lat' dir='ltr'>jam</span> <span class='ocrx_word' id='word_1_31' title='bbox 171 683 279 736; x_wconf 90' lang='lat' dir='ltr'>cederet</span> <span class='ocrx_word' id='word_1_32' title='bbox 292 685 432 752; x_wconf 84' lang='lat' dir='ltr'>fascesque</span> <span class='ocrx_word' id='word_1_33' title='bbox 445 685 637 751; x_wconf 72' lang='lat' dir='ltr'><strong>summitteret,</strong></span> <span class='ocrx_word' id='word_1_34' title='bbox 652 685 744 738; x_wconf 81' lang='lat' dir='ltr'>subito</span> <span class='ocrx_word' id='word_1_35' title='bbox 765 685 795 738; x_wconf 88' lang='lat' dir='ltr'>in</span> <span class='ocrx_word' id='word_1_36' title='bbox 816 686 928 740; x_wconf 58' lang='lat' dir='ltr'>civitae</span> <span class='ocrx_word' id='word_1_37' title='bbox 951 705 1014 740; x_wconf 90' lang='lat' dir='ltr'>cum</span> <span class='ocrx_word' id='word_1_38' title='bbox 1034 689 1089 742; x_wconf 85' lang='lat' dir='ltr'>alia</span> 
     </span>
     <span class='ocr_line' id='line_1_6' title="bbox 101 762 1087 834; baseline 0.006 -20"><span class='ocrx_word' id='word_1_39' title='bbox 101 762 266 829; x_wconf 89' lang='lat' dir='ltr'>ceciderunt,</span> <span class='ocrx_word' id='word_1_40' title='bbox 283 767 343 815; x_wconf 89' lang='lat' dir='ltr'>tum</span> <span class='ocrx_word' id='word_1_41' title='bbox 358 763 442 815; x_wconf 88' lang='lat' dir='ltr'>etiam</span> <span class='ocrx_word' id='word_1_42' title='bbox 455 781 488 816; x_wconf 90' lang='lat' dir='ltr'>ea</span> <span class='ocrx_word' id='word_1_43' title='bbox 503 764 570 831; x_wconf 91' lang='lat' dir='ltr'>ipsa,</span> <span class='ocrx_word' id='word_1_44' title='bbox 586 764 620 816; x_wconf 95' lang='lat' dir='ltr'>de</span> <span class='ocrx_word' id='word_1_45' title='bbox 641 781 696 832; x_wconf 88' lang='lat' dir='ltr'>qua</span> <span class='ocrx_word' id='word_1_46' title='bbox 717 765 857 832; x_wconf 83' lang='lat' dir='ltr'>disputare</span> <span class='ocrx_word' id='word_1_47' title='bbox 881 767 1012 834; x_wconf 85' lang='lat' dir='ltr'>ordimur,</span> <span class='ocrx_word' id='word_1_48' title='bbox 1032 769 1087 821; x_wconf 90' lang='lat' dir='ltr'>elo-</span> 
     </span>
     <span class='ocr_line' id='line_1_7' title="bbox 101 842 1083 914; baseline 0.007 -22"><span class='ocrx_word' id='word_1_49' title='bbox 101 842 215 908; x_wconf 80' lang='lat' dir='ltr'>quentia</span> <span class='ocrx_word' id='word_1_50' title='bbox 241 843 387 895; x_wconf 87' lang='lat' dir='ltr'>obmutuit.</span> <span class='ocrx_word' id='word_1_51' title='bbox 447 845 492 896; x_wconf 82' lang='lat'>23.</span> <span class='ocrx_word' id='word_1_52' title='bbox 524 843 594 895; x_wconf 75' lang='lat' dir='ltr'>Tum</span> <span class='ocrx_word' id='word_1_53' title='bbox 620 843 676 910; x_wconf 89' lang='lat' dir='ltr'>ille,</span> <span class='ocrx_word' id='word_1_54' title='bbox 697 842 856 896; x_wconf 78' lang='lat' dir='ltr'>Ceterarum</span> <span class='ocrx_word' id='word_1_55' title='bbox 878 861 970 898; x_wconf 90' lang='lat' dir='ltr'>rerum</span> <span class='ocrx_word' id='word_1_56' title='bbox 993 863 1083 914; x_wconf 79' lang='lat' dir='ltr'>causa,</span> 
     </span>
     <span class='ocr_line' id='line_1_8' title="bbox 99 920 1084 990; baseline 0.006 -18"><span class='ocrx_word' id='word_1_57' title='bbox 99 920 201 988; x_wconf 90' lang='lat' dir='ltr'>inquit,</span> <span class='ocrx_word' id='word_1_58' title='bbox 217 921 289 974; x_wconf 88' lang='lat' dir='ltr'>istuc</span> <span class='ocrx_word' id='word_1_59' title='bbox 302 927 330 974; x_wconf 88' lang='lat' dir='ltr'>et</span> <span class='ocrx_word' id='word_1_60' title='bbox 344 921 424 974; x_wconf 89' lang='lat' dir='ltr'>doleo</span> <span class='ocrx_word' id='word_1_61' title='bbox 438 926 466 974; x_wconf 90' lang='lat' dir='ltr'>et</span> <span class='ocrx_word' id='word_1_62' title='bbox 480 921 630 974; x_wconf 88' lang='lat' dir='ltr'>dolendum</span> <span class='ocrx_word' id='word_1_63' title='bbox 643 927 728 990; x_wconf 89' lang='lat' dir='ltr'>puto;</span> <span class='ocrx_word' id='word_1_64' title='bbox 742 923 850 976; x_wconf 90' lang='lat' dir='ltr'>dicendi</span> <span class='ocrx_word' id='word_1_65' title='bbox 863 928 957 976; x_wconf 88' lang='lat' dir='ltr'>autem</span> <span class='ocrx_word' id='word_1_66' title='bbox 969 941 1014 978; x_wconf 89' lang='lat' dir='ltr'>me</span> <span class='ocrx_word' id='word_1_67' title='bbox 1028 943 1084 979; x_wconf 92' lang='lat' dir='ltr'>non</span> 
     </span>
     <span class='ocr_line' id='line_1_9' title="bbox 99 1001 1085 1073; baseline 0.008 -23"><span class='ocrx_word' id='word_1_68' title='bbox 99 1003 157 1051; x_wconf 90' lang='lat' dir='ltr'>tam</span> <span class='ocrx_word' id='word_1_69' title='bbox 184 1001 291 1052; x_wconf 82' lang='lat' dir='ltr'>fructus</span> <span class='ocrx_word' id='word_1_70' title='bbox 317 1004 346 1053; x_wconf 91' lang='lat' dir='ltr'>et</span> <span class='ocrx_word' id='word_1_71' title='bbox 372 1001 457 1068; x_wconf 84' lang='lat' dir='ltr'>gloria</span> <span class='ocrx_word' id='word_1_72' title='bbox 483 1018 567 1069; x_wconf 86' lang='lat' dir='ltr'>quam</span> <span class='ocrx_word' id='word_1_73' title='bbox 593 1001 717 1054; x_wconf 90' lang='lat' dir='ltr'>studium</span> <span class='ocrx_word' id='word_1_74' title='bbox 750 1002 841 1070; x_wconf 91' lang='lat' dir='ltr'>ipsum</span> <span class='ocrx_word' id='word_1_75' title='bbox 871 1003 1085 1073; x_wconf 76' lang='lat' dir='ltr'><strong>exercitatioque</strong></span> 
     </span>
     <span class='ocr_line' id='line_1_10' title="bbox 98 1075 1084 1148; baseline 0.007 -18"><span class='ocrx_word' id='word_1_76' title='bbox 98 1078 218 1131; x_wconf 86' lang='lat' dir='ltr'>delectat</span> <span class='ocrx_word' id='word_1_77' title='bbox 232 1098 238 1132; x_wconf 91' lang='lat'>:</span> <span class='ocrx_word' id='word_1_78' title='bbox 252 1080 327 1148; x_wconf 88' lang='lat' dir='ltr'>quod</span> <span class='ocrx_word' id='word_1_79' title='bbox 341 1080 409 1132; x_wconf 88' lang='lat' dir='ltr'>mibi</span> <span class='ocrx_word' id='word_1_80' title='bbox 422 1075 499 1133; x_wconf 82' lang='lat' dir='ltr'>nulla</span> <span class='ocrx_word' id='word_1_81' title='bbox 511 1097 554 1133; x_wconf 89' lang='lat' dir='ltr'>res</span> <span class='ocrx_word' id='word_1_82' title='bbox 568 1081 674 1148; x_wconf 88' lang='lat' dir='ltr'>eripiet,</span> <span class='ocrx_word' id='word_1_83' title='bbox 690 1086 719 1134; x_wconf 95' lang='lat' dir='ltr'>te</span> <span class='ocrx_word' id='word_1_84' title='bbox 729 1082 880 1148; x_wconf 77' lang='lat' dir='ltr'>praesertim</span> <span class='ocrx_word' id='word_1_85' title='bbox 893 1087 951 1134; x_wconf 83' lang='lat' dir='ltr'>tam</span> <span class='ocrx_word' id='word_1_86' title='bbox 960 1084 1084 1137; x_wconf 88' lang='lat' dir='ltr'>studioso</span> 
     </span>
     <span class='ocr_line' id='line_1_11' title="bbox 98 1158 1082 1228; baseline 0.009 -20"><span class='ocrx_word' id='word_1_87' title='bbox 98 1158 159 1210; x_wconf 91' lang='lat' dir='ltr'>mei.</span> <span class='ocrx_word' id='word_1_88' title='bbox 204 1158 301 1212; x_wconf 80' lang='lat' dir='ltr'>Dicere</span> <span class='ocrx_word' id='word_1_89' title='bbox 314 1159 387 1212; x_wconf 90' lang='lat' dir='ltr'>enim</span> <span class='ocrx_word' id='word_1_90' title='bbox 398 1159 467 1212; x_wconf 89' lang='lat' dir='ltr'>bene</span> <span class='ocrx_word' id='word_1_91' title='bbox 480 1177 561 1212; x_wconf 88' lang='lat' dir='ltr'>nemo</span> <span class='ocrx_word' id='word_1_92' title='bbox 574 1165 665 1228; x_wconf 80' lang='lat' dir='ltr'>potest</span> <span class='ocrx_word' id='word_1_93' title='bbox 688 1161 742 1213; x_wconf 87' lang='lat' dir='ltr'>nisi</span> <span class='ocrx_word' id='word_1_94' title='bbox 765 1161 814 1228; x_wconf 91' lang='lat' dir='ltr'>qui</span> <span class='ocrx_word' id='word_1_95' title='bbox 833 1162 983 1228; x_wconf 85' lang='lat' dir='ltr'>prudenter</span> <span class='ocrx_word' id='word_1_96' title='bbox 1002 1163 1082 1216; x_wconf 88' lang='lat' dir='ltr'>intel·</span> 
     </span>
     <span class='ocr_line' id='line_1_12' title="bbox 98 1236 1080 1309; baseline 0.007 -21"><span class='ocrx_word' id='word_1_97' title='bbox 98 1236 179 1304; x_wconf 80' lang='lat' dir='ltr'>ligit3</span> <span class='ocrx_word' id='word_1_98' title='bbox 204 1254 288 1305; x_wconf 84' lang='lat' dir='ltr'>quere</span> <span class='ocrx_word' id='word_1_99' title='bbox 302 1238 350 1306; x_wconf 95' lang='lat' dir='ltr'>qui</span> <span class='ocrx_word' id='word_1_100' title='bbox 363 1238 527 1306; x_wconf 65' lang='lat' dir='ltr'>eloquentie</span> <span class='ocrx_word' id='word_1_101' title='bbox 540 1256 612 1292; x_wconf 83' lang='lat' dir='ltr'>verae</span> <span class='ocrx_word' id='word_1_102' title='bbox 633 1239 683 1292; x_wconf 85' lang='lat' dir='ltr'>det</span> <span class='ocrx_word' id='word_1_103' title='bbox 703 1257 823 1308; x_wconf 86' lang='lat' dir='ltr'>operam,</span> <span class='ocrx_word' id='word_1_104' title='bbox 848 1241 896 1293; x_wconf 88' lang='lat' dir='ltr'>dat</span> <span class='ocrx_word' id='word_1_105' title='bbox 916 1241 1080 1309; x_wconf 79' lang='lat' dir='ltr'>prudentiae,</span> 
     </span>
     <span class='ocr_line' id='line_1_13' title="bbox 97 1318 1082 1390; baseline 0.006 -22"><span class='ocrx_word' id='word_1_106' title='bbox 97 1331 153 1383; x_wconf 85' lang='lat' dir='ltr'>qua</span> <span class='ocrx_word' id='word_1_107' title='bbox 165 1334 201 1368; x_wconf 94' lang='lat' dir='ltr'>ne</span> <span class='ocrx_word' id='word_1_108' title='bbox 214 1318 340 1370; x_wconf 82' lang='lat' dir='ltr'>maximis</span> <span class='ocrx_word' id='word_1_109' title='bbox 353 1319 464 1386; x_wconf 90' lang='lat' dir='ltr'>quidem</span> <span class='ocrx_word' id='word_1_110' title='bbox 477 1319 507 1370; x_wconf 90' lang='lat' dir='ltr'>in</span> <span class='ocrx_word' id='word_1_111' title='bbox 521 1318 598 1370; x_wconf 88' lang='lat' dir='ltr'>bellis</span> <span class='ocrx_word' id='word_1_112' title='bbox 612 1335 692 1386; x_wconf 83' lang='lat' dir='ltr'>aequo</span> <span class='ocrx_word' id='word_1_113' title='bbox 712 1319 804 1372; x_wconf 85' lang='lat' dir='ltr'>animo</span> <span class='ocrx_word' id='word_1_114' title='bbox 825 1337 915 1372; x_wconf 85' lang='lat' dir='ltr'>carere</span> <span class='ocrx_word' id='word_1_115' title='bbox 936 1321 1082 1390; x_wconf 85' lang='lat' dir='ltr'>quisquam</span> 
     </span>
     <span class='ocr_line' id='line_1_14' title="bbox 96 1397 1082 1467; baseline 0.005 -19"><span class='ocrx_word' id='word_1_116' title='bbox 96 1399 195 1462; x_wconf 88' lang='lat' dir='ltr'>potest.</span> <span class='ocrx_word' id='word_1_117' title='bbox 241 1398 286 1450; x_wconf 79' lang='lat'>24.</span> <span class='ocrx_word' id='word_1_118' title='bbox 311 1397 452 1464; x_wconf 82' lang='lat' dir='ltr'>Praeclare,</span> <span class='ocrx_word' id='word_1_119' title='bbox 468 1397 590 1465; x_wconf 87' lang='lat' dir='ltr'>inquam,</span> <span class='ocrx_word' id='word_1_120' title='bbox 609 1397 703 1464; x_wconf 89' lang='lat' dir='ltr'>Brute,</span> <span class='ocrx_word' id='word_1_121' title='bbox 716 1398 784 1450; x_wconf 90' lang='lat' dir='ltr'>dicis</span> <span class='ocrx_word' id='word_1_122' title='bbox 798 1418 804 1461; x_wconf 87' lang='lat'><strong>;</strong></span> <span class='ocrx_word' id='word_1_123' title='bbox 818 1415 905 1466; x_wconf 92' lang='lat' dir='ltr'>eoque</span> <span class='ocrx_word' id='word_1_124' title='bbox 923 1400 1010 1467; x_wconf 88' lang='lat' dir='ltr'>magis</span> <span class='ocrx_word' id='word_1_125' title='bbox 1029 1401 1082 1454; x_wconf 88' lang='lat' dir='ltr'>ista</span> 
     </span>
     <span class='ocr_line' id='line_1_15' title="bbox 96 1475 1081 1545; baseline 0.006 -19"><span class='ocrx_word' id='word_1_126' title='bbox 96 1475 207 1528; x_wconf 86' lang='lat' dir='ltr'>dicendi</span> <span class='ocrx_word' id='word_1_127' title='bbox 219 1476 300 1530; x_wconf 86' lang='lat' dir='ltr'>laude</span> <span class='ocrx_word' id='word_1_128' title='bbox 314 1476 444 1542; x_wconf 92' lang='lat' dir='ltr'>delector,</span> <span class='ocrx_word' id='word_1_129' title='bbox 460 1477 535 1544; x_wconf 91' lang='lat' dir='ltr'>qnod</span> <span class='ocrx_word' id='word_1_130' title='bbox 549 1482 647 1543; x_wconf 83' lang='lat' dir='ltr'>cetera,</span> <span class='ocrx_word' id='word_1_131' title='bbox 664 1493 726 1545; x_wconf 85' lang='lat' dir='ltr'>quse</span> <span class='ocrx_word' id='word_1_132' title='bbox 740 1483 806 1530; x_wconf 90' lang='lat' dir='ltr'>suut</span> <span class='ocrx_word' id='word_1_133' title='bbox 826 1478 966 1545; x_wconf 78' lang='lat' dir='ltr'>quondam</span> <span class='ocrx_word' id='word_1_134' title='bbox 985 1479 1081 1532; x_wconf 86' lang='lat' dir='ltr'>habita</span> 
     </span>
     <span class='ocr_line' id='line_1_16' title="bbox 95 1553 1081 1624; baseline 0.003 -17"><span class='ocrx_word' id='word_1_135' title='bbox 95 1553 125 1605; x_wconf 91' lang='lat' dir='ltr'>in</span> <span class='ocrx_word' id='word_1_136' title='bbox 139 1555 250 1608; x_wconf 76' lang='lat' dir='ltr'>dvitate</span> <span class='ocrx_word' id='word_1_137' title='bbox 263 1556 453 1623; x_wconf 84' lang='lat' dir='ltr'>pulcherrima,</span> <span class='ocrx_word' id='word_1_138' title='bbox 469 1572 550 1608; x_wconf 89' lang='lat' dir='ltr'>nemo</span> <span class='ocrx_word' id='word_1_139' title='bbox 563 1561 606 1608; x_wconf 90' lang='lat' dir='ltr'>est</span> <span class='ocrx_word' id='word_1_140' title='bbox 618 1560 677 1608; x_wconf 90' lang='lat' dir='ltr'>tam</span> <span class='ocrx_word' id='word_1_141' title='bbox 689 1557 811 1622; x_wconf 87' lang='lat' dir='ltr'>humilis,</span> <span class='ocrx_word' id='word_1_142' title='bbox 835 1557 884 1624; x_wconf 90' lang='lat' dir='ltr'>qui</span> <span class='ocrx_word' id='word_1_143' title='bbox 905 1574 933 1608; x_wconf 88' lang='lat' dir='ltr'>se</span> <span class='ocrx_word' id='word_1_144' title='bbox 955 1574 1011 1610; x_wconf 90' lang='lat' dir='ltr'>non</span> <span class='ocrx_word' id='word_1_145' title='bbox 1031 1564 1081 1612; x_wconf 83' lang='lat' dir='ltr'>eut</span> 
     </span>
     <span class='ocr_line' id='line_1_17' title="bbox 95 1635 1081 1704; baseline 0.003 -17"><span class='ocrx_word' id='word_1_146' title='bbox 95 1650 174 1701; x_wconf 81' lang='lat' dir='ltr'>posse</span> <span class='ocrx_word' id='word_1_147' title='bbox 188 1635 301 1703; x_wconf 78' lang='lat' dir='ltr'>adipisci</span> <span class='ocrx_word' id='word_1_148' title='bbox 314 1640 364 1688; x_wconf 85' lang='lat' dir='ltr'>eut</span> <span class='ocrx_word' id='word_1_149' title='bbox 377 1636 508 1704; x_wconf 88' lang='lat' dir='ltr'>adeptum</span> <span class='ocrx_word' id='word_1_150' title='bbox 527 1639 626 1703; x_wconf 88' lang='lat' dir='ltr'>putet:</span> <span class='ocrx_word' id='word_1_151' title='bbox 650 1635 824 1703; x_wconf 90' lang='lat' dir='ltr'>eloquentem</span> <span class='ocrx_word' id='word_1_152' title='bbox 842 1637 980 1688; x_wconf 89' lang='lat' dir='ltr'>neminem</span> <span class='ocrx_word' id='word_1_153' title='bbox 1000 1637 1081 1690; x_wconf 88' lang='lat' dir='ltr'>video</span> 
     </span>
     <span class='ocr_line' id='line_1_18' title="bbox 94 1705 1078 1782; baseline 0.007 -19"><span class='ocrx_word' id='word_1_154' title='bbox 94 1712 200 1766; x_wconf 84' lang='lat' dir='ltr'>sactum</span> <span class='ocrx_word' id='word_1_155' title='bbox 233 1732 289 1768; x_wconf 87' lang='lat' dir='ltr'>esse</span> <span class='ocrx_word' id='word_1_156' title='bbox 316 1705 436 1768; x_wconf 69' lang='lat' dir='ltr'>rictoria</span> <span class='ocrx_word' id='word_1_157' title='bbox 493 1714 548 1768; x_wconf 85' lang='lat' dir='ltr'>Sed</span> <span class='ocrx_word' id='word_1_158' title='bbox 574 1731 631 1782; x_wconf 88' lang='lat' dir='ltr'>quo</span> <span class='ocrx_word' id='word_1_159' title='bbox 656 1715 764 1768; x_wconf 79' lang='lat' dir='ltr'>facilius</span> <span class='ocrx_word' id='word_1_160' title='bbox 796 1733 884 1768; x_wconf 87' lang='lat' dir='ltr'>sermo</span> <span class='ocrx_word' id='word_1_161' title='bbox 918 1716 1078 1782; x_wconf 82' lang='lat' dir='ltr'>explicetur,</span> 
     </span>
     <span class='ocr_line' id='line_1_19' title="bbox 94 1791 1080 1863; baseline 0.003 -18"><span class='ocrx_word' id='word_1_162' title='bbox 94 1791 228 1859; x_wconf 87' lang='lat' dir='ltr'>sedentes,</span> <span class='ocrx_word' id='word_1_163' title='bbox 245 1792 403 1860; x_wconf 88' lang='lat' dir='ltr'>sividetur,</span> <span class='ocrx_word' id='word_1_164' title='bbox 418 1811 537 1862; x_wconf 57' lang='lat' dir='ltr'>mamus</span> <span class='ocrx_word' id='word_1_165' title='bbox 583 1793 652 1847; x_wconf 68' lang='lat' dir='ltr'>llum</span> <span class='ocrx_word' id='word_1_166' title='bbox 665 1794 739 1848; x_wconf 83' lang='lat' dir='ltr'>idem</span> <span class='ocrx_word' id='word_1_167' title='bbox 761 1795 906 1863; x_wconf 74' lang='lat' dir='ltr'>placuisset</span> <span class='ocrx_word' id='word_1_168' title='bbox 929 1795 992 1862; x_wconf 88' lang='lat' dir='ltr'>illis,</span> <span class='ocrx_word' id='word_1_169' title='bbox 1018 1801 1080 1849; x_wconf 85' lang='lat' dir='ltr'>tum</span> 
     </span>
     <span class='ocr_line' id='line_1_20' title="bbox 94 1871 1085 1942; baseline 0.003 -18"><span class='ocrx_word' id='word_1_170' title='bbox 94 1871 124 1924; x_wconf 88' lang='lat' dir='ltr'>in</span> <span class='ocrx_word' id='word_1_171' title='bbox 137 1873 248 1940; x_wconf 84' lang='lat' dir='ltr'>pratulo</span> <span class='ocrx_word' id='word_1_172' title='bbox 261 1873 511 1942; x_wconf 80' lang='lat' dir='ltr'>propterPlatcnie</span> <span class='ocrx_word' id='word_1_173' title='bbox 524 1878 644 1928; x_wconf 85' lang='lat' dir='ltr'>statuam</span> <span class='ocrx_word' id='word_1_174' title='bbox 657 1875 836 1928; x_wconf 84' lang='lat' dir='ltr'>consedimus.</span> <span class='ocrx_word' id='word_1_175' title='bbox 1082 1892 1085 1900; x_wconf 92' lang='lat'>·</span> 
     </span>
    </p>

    <p class='ocr_par' dir='ltr' id='par_1_3' title="bbox 88 1951 1080 2733">
     <span class='ocr_line' id='line_1_21' title="bbox 136 1951 1080 2022; baseline 0.002 -18"><span class='ocrx_word' id='word_1_176' title='bbox 136 1953 180 2005; x_wconf 82' lang='lat'>25.</span> <span class='ocrx_word' id='word_1_177' title='bbox 206 1951 260 2004; x_wconf 87' lang='lat' dir='ltr'>Hic</span> <span class='ocrx_word' id='word_1_178' title='bbox 273 1970 342 2020; x_wconf 81' lang='lat' dir='ltr'>ego:</span> <span class='ocrx_word' id='word_1_179' title='bbox 363 1953 489 2006; x_wconf 81' lang='lat' dir='ltr'>laudare</span> <span class='ocrx_word' id='word_1_180' title='bbox 502 1953 587 2021; x_wconf 81' lang='lat' dir='ltr'>igitur</span> <span class='ocrx_word' id='word_1_181' title='bbox 606 1953 800 2022; x_wconf 87' lang='lat' dir='ltr'>eloquentiam,</span> <span class='ocrx_word' id='word_1_182' title='bbox 816 1958 845 2006; x_wconf 89' lang='lat' dir='ltr'>et</span> <span class='ocrx_word' id='word_1_183' title='bbox 864 1958 969 2022; x_wconf 87' lang='lat' dir='ltr'>quanta</span> <span class='ocrx_word' id='word_1_184' title='bbox 982 1954 1024 2007; x_wconf 87' lang='lat' dir='ltr'>vis</span> <span class='ocrx_word' id='word_1_185' title='bbox 1044 1956 1080 2008; x_wconf 89' lang='lat' dir='ltr'>sit</span> 
     </span>
     <span class='ocr_line' id='line_1_22' title="bbox 92 2030 1079 2101; baseline 0.002 -18"><span class='ocrx_word' id='word_1_186' title='bbox 92 2030 153 2099; x_wconf 86' lang='lat' dir='ltr'>ejus</span> <span class='ocrx_word' id='word_1_187' title='bbox 165 2048 331 2099; x_wconf 87' lang='lat' dir='ltr'>expromere,</span> <span class='ocrx_word' id='word_1_188' title='bbox 348 2036 535 2101; x_wconf 88' lang='lat' dir='ltr'>quantamque</span> <span class='ocrx_word' id='word_1_189' title='bbox 545 2032 584 2085; x_wconf 91' lang='lat' dir='ltr'>eis</span> <span class='ocrx_word' id='word_1_190' title='bbox 604 2032 653 2100; x_wconf 91' lang='lat' dir='ltr'>qui</span> <span class='ocrx_word' id='word_1_191' title='bbox 666 2033 722 2085; x_wconf 89' lang='lat' dir='ltr'>sint</span> <span class='ocrx_word' id='word_1_192' title='bbox 741 2049 802 2086; x_wconf 88' lang='lat' dir='ltr'>eam</span> <span class='ocrx_word' id='word_1_193' title='bbox 823 2034 970 2099; x_wconf 84' lang='lat' dir='ltr'>consecuti,</span> <span class='ocrx_word' id='word_1_194' title='bbox 992 2033 1079 2101; x_wconf 79' lang='lat' dir='ltr'>digni-</span> 
     </span>
     <span class='ocr_line' id='line_1_23' title="bbox 92 2111 1077 2180; baseline 0.004 -18"><span class='ocrx_word' id='word_1_195' title='bbox 92 2113 179 2163; x_wconf 90' lang='lat' dir='ltr'>tatem</span> <span class='ocrx_word' id='word_1_196' title='bbox 206 2112 311 2178; x_wconf 83' lang='lat' dir='ltr'>afferat,</span> <span class='ocrx_word' id='word_1_197' title='bbox 336 2128 426 2180; x_wconf 89' lang='lat' dir='ltr'>neque</span> <span class='ocrx_word' id='word_1_198' title='bbox 452 2111 623 2180; x_wconf 84' lang='lat' dir='ltr'>propositum</span> <span class='ocrx_word' id='word_1_199' title='bbox 649 2111 728 2164; x_wconf 87' lang='lat' dir='ltr'>nobis</span> <span class='ocrx_word' id='word_1_200' title='bbox 754 2115 797 2164; x_wconf 89' lang='lat' dir='ltr'>est</span> <span class='ocrx_word' id='word_1_201' title='bbox 823 2111 875 2164; x_wconf 93' lang='lat' dir='ltr'>hoc</span> <span class='ocrx_word' id='word_1_202' title='bbox 901 2111 961 2164; x_wconf 90' lang='lat' dir='ltr'>loco</span> <span class='ocrx_word' id='word_1_203' title='bbox 988 2129 1077 2180; x_wconf 89' lang='lat' dir='ltr'>neque</span> 
     </span>
     <span class='ocr_line' id='line_1_24' title="bbox 91 2189 1077 2259; baseline 0.002 -18"><span class='ocrx_word' id='word_1_204' title='bbox 91 2190 279 2244; x_wconf 81' lang='lat' dir='ltr'>necessarium</span> <span class='ocrx_word' id='word_1_205' title='bbox 326 2190 387 2244; x_wconf 87' lang='lat' dir='ltr'>Hoc</span> <span class='ocrx_word' id='word_1_206' title='bbox 409 2207 474 2244; x_wconf 87' lang='lat' dir='ltr'>vero</span> <span class='ocrx_word' id='word_1_207' title='bbox 496 2190 554 2243; x_wconf 89' lang='lat' dir='ltr'>sine</span> <span class='ocrx_word' id='word_1_208' title='bbox 576 2190 632 2242; x_wconf 83' lang='lat' dir='ltr'>nlla</span> <span class='ocrx_word' id='word_1_209' title='bbox 658 2189 830 2244; x_wconf 79' lang='lat' dir='ltr'>dubitatione</span> <span class='ocrx_word' id='word_1_210' title='bbox 851 2189 1077 2259; x_wconf 85' lang='lat' dir='ltr'>confirmaverim,</span> 
     </span>
     <span class='ocr_line' id='line_1_25' title="bbox 91 2268 1078 2338; baseline 0.004 -18"><span class='ocrx_word' id='word_1_211' title='bbox 91 2269 150 2320; x_wconf 89' lang='lat' dir='ltr'>sivo</span> <span class='ocrx_word' id='word_1_212' title='bbox 173 2268 222 2321; x_wconf 87' lang='lat' dir='ltr'>illa</span> <span class='ocrx_word' id='word_1_213' title='bbox 243 2273 301 2322; x_wconf 89' lang='lat' dir='ltr'>arte</span> <span class='ocrx_word' id='word_1_214' title='bbox 323 2271 445 2337; x_wconf 89' lang='lat' dir='ltr'>pariatur</span> <span class='ocrx_word' id='word_1_215' title='bbox 467 2269 561 2338; x_wconf 82' lang='lat' dir='ltr'>aliqua</span> <span class='ocrx_word' id='word_1_216' title='bbox 582 2269 640 2322; x_wconf 88' lang='lat' dir='ltr'>sive</span> <span class='ocrx_word' id='word_1_217' title='bbox 662 2269 856 2322; x_wconf 81' lang='lat' dir='ltr'>exercitatione</span> <span class='ocrx_word' id='word_1_218' title='bbox 880 2269 999 2337; x_wconf 86' lang='lat' dir='ltr'>quadam</span> <span class='ocrx_word' id='word_1_219' title='bbox 1021 2271 1078 2324; x_wconf 89' lang='lat' dir='ltr'>sive</span> 
     </span>
     <span class='ocr_line' id='line_1_26' title="bbox 90 2348 1078 2414; baseline 0.003 -15"><span class='ocrx_word' id='word_1_220' title='bbox 90 2351 200 2414; x_wconf 86' lang='lat' dir='ltr'>natura,</span> <span class='ocrx_word' id='word_1_221' title='bbox 222 2365 280 2400; x_wconf 91' lang='lat' dir='ltr'>rem</span> <span class='ocrx_word' id='word_1_222' title='bbox 301 2366 385 2401; x_wconf 86' lang='lat' dir='ltr'>unam</span> <span class='ocrx_word' id='word_1_223' title='bbox 408 2366 466 2401; x_wconf 89' lang='lat' dir='ltr'>esse</span> <span class='ocrx_word' id='word_1_224' title='bbox 486 2349 609 2402; x_wconf 89' lang='lat' dir='ltr'>omnium</span> <span class='ocrx_word' id='word_1_225' title='bbox 632 2348 825 2402; x_wconf 83' lang='lat' dir='ltr'>difficillimam</span> <span class='ocrx_word' id='word_1_226' title='bbox 879 2348 984 2412; x_wconf 85' lang='lat' dir='ltr'>Quibus</span> <span class='ocrx_word' id='word_1_227' title='bbox 1004 2350 1078 2402; x_wconf 88' lang='lat' dir='ltr'>enim</span> 
     </span>
     <span class='ocr_line' id='line_1_27' title="bbox 90 2426 1078 2497; baseline 0.004 -19"><span class='ocrx_word' id='word_1_228' title='bbox 90 2444 125 2478; x_wconf 89' lang='lat' dir='ltr'>ex</span> <span class='ocrx_word' id='word_1_229' title='bbox 139 2426 262 2494; x_wconf 90' lang='lat' dir='ltr'>quinque</span> <span class='ocrx_word' id='word_1_230' title='bbox 282 2427 364 2480; x_wconf 88' lang='lat' dir='ltr'>rebus</span> <span class='ocrx_word' id='word_1_231' title='bbox 387 2432 510 2480; x_wconf 79' lang='lat' dir='ltr'>constare</span> <span class='ocrx_word' id='word_1_232' title='bbox 524 2428 634 2494; x_wconf 92' lang='lat' dir='ltr'>dicitur,</span> <span class='ocrx_word' id='word_1_233' title='bbox 650 2445 744 2480; x_wconf 82' lang='lat' dir='ltr'>earum</span> <span class='ocrx_word' id='word_1_234' title='bbox 764 2445 821 2482; x_wconf 91' lang='lat' dir='ltr'>una</span> <span class='ocrx_word' id='word_1_235' title='bbox 841 2445 958 2497; x_wconf 78' lang='lat' dir='ltr'>quaeque</span> <span class='ocrx_word' id='word_1_236' title='bbox 972 2433 1014 2482; x_wconf 88' lang='lat' dir='ltr'>est</span> <span class='ocrx_word' id='word_1_237' title='bbox 1034 2447 1078 2482; x_wconf 84' lang='lat' dir='ltr'>ars</span> 
     </span>
     <span class='ocr_line' id='line_1_28' title="bbox 89 2506 1078 2575; baseline 0.003 -18"><span class='ocrx_word' id='word_1_238' title='bbox 89 2506 150 2574; x_wconf 90' lang='lat' dir='ltr'>ipsa</span> <span class='ocrx_word' id='word_1_239' title='bbox 162 2523 261 2574; x_wconf 86' lang='lat' dir='ltr'>magna</span> <span class='ocrx_word' id='word_1_240' title='bbox 282 2524 330 2575; x_wconf 89' lang='lat' dir='ltr'>per</span> <span class='ocrx_word' id='word_1_241' title='bbox 350 2523 415 2560; x_wconf 88' lang='lat' dir='ltr'>sese.</span> <span class='ocrx_word' id='word_1_242' title='bbox 458 2506 548 2570; x_wconf 80' lang='lat' dir='ltr'>Quare</span> <span class='ocrx_word' id='word_1_243' title='bbox 566 2508 688 2575; x_wconf 87' lang='lat' dir='ltr'>quinque</span> <span class='ocrx_word' id='word_1_244' title='bbox 710 2507 812 2560; x_wconf 83' lang='lat' dir='ltr'>artium</span> <span class='ocrx_word' id='word_1_245' title='bbox 832 2525 979 2560; x_wconf 89' lang='lat' dir='ltr'>concursus</span> <span class='ocrx_word' id='word_1_246' title='bbox 991 2508 1078 2561; x_wconf 70' lang='lat' dir='ltr'>masi·</span> 
     </span>
     <span class='ocr_line' id='line_1_29' title="bbox 89 2585 1077 2654; baseline 0.002 -16"><span class='ocrx_word' id='word_1_247' title='bbox 89 2602 198 2638; x_wconf 89' lang='lat' dir='ltr'>marum</span> <span class='ocrx_word' id='word_1_248' title='bbox 215 2591 348 2654; x_wconf 78' lang='lat' dir='ltr'>quantem</span> <span class='ocrx_word' id='word_1_249' title='bbox 367 2586 424 2638; x_wconf 88' lang='lat' dir='ltr'>vim</span> <span class='ocrx_word' id='word_1_250' title='bbox 444 2591 631 2654; x_wconf 85' lang='lat' dir='ltr'>quantamque</span> <span class='ocrx_word' id='word_1_251' title='bbox 651 2585 841 2640; x_wconf 86' lang='lat' dir='ltr'>difficultatem</span> <span class='ocrx_word' id='word_1_252' title='bbox 861 2586 969 2652; x_wconf 86' lang='lat' dir='ltr'>habeat,</span> <span class='ocrx_word' id='word_1_253' title='bbox 985 2587 1077 2640; x_wconf 86' lang='lat' dir='ltr'>existi-</span> 
     </span>
     <span class='ocr_line' id='line_1_30' title="bbox 88 2663 270 2733; baseline 0.011 -17"><span class='ocrx_word' id='word_1_254' title='bbox 88 2663 159 2718; x_wconf 79' lang='lat' dir='ltr'>mari</span> <span class='ocrx_word' id='word_1_255' title='bbox 172 2670 270 2733; x_wconf 75' lang='lat' dir='ltr'>potest,</span> 
     </span>
    </p>

    <p class='ocr_par' dir='ltr' id='par_1_4' title="bbox 88 2743 1077 2892">
     <span class='ocr_line' id='line_1_31' title="bbox 129 2743 1077 2812; baseline 0.004 -18"><span class='ocrx_word' id='word_1_256' title='bbox 129 2743 196 2798; x_wconf 93' lang='lat' dir='ltr'><strong>VII.</strong></span> <span class='ocrx_word' id='word_1_257' title='bbox 243 2746 288 2799; x_wconf 80' lang='lat'>26.</span> <span class='ocrx_word' id='word_1_258' title='bbox 312 2744 400 2798; x_wconf 81' lang='lat' dir='ltr'>Testis</span> <span class='ocrx_word' id='word_1_259' title='bbox 413 2749 455 2797; x_wconf 87' lang='lat' dir='ltr'>est</span> <span class='ocrx_word' id='word_1_260' title='bbox 466 2743 581 2811; x_wconf 78' lang='lat' dir='ltr'>Graecia,</span> <span class='ocrx_word' id='word_1_261' title='bbox 597 2761 669 2812; x_wconf 79' lang='lat' dir='ltr'>quae,</span> <span class='ocrx_word' id='word_1_262' title='bbox 685 2743 920 2811; x_wconf 85' lang='lat' dir='ltr'>cumeloquenties</span> <span class='ocrx_word' id='word_1_263' title='bbox 933 2744 1026 2798; x_wconf 88' lang='lat' dir='ltr'>studio</span> <span class='ocrx_word' id='word_1_264' title='bbox 1040 2745 1077 2798; x_wconf 89' lang='lat' dir='ltr'>sit</span> 
     </span>
     <span class='ocr_line' id='line_1_32' title="bbox 88 2823 1077 2892; baseline 0.002 -17"><span class='ocrx_word' id='word_1_265' title='bbox 88 2825 200 2876; x_wconf 85' lang='lat' dir='ltr'>incensa</span> <span class='ocrx_word' id='word_1_266' title='bbox 224 2823 387 2892; x_wconf 85' lang='lat' dir='ltr'>jamdiuque</span> <span class='ocrx_word' id='word_1_267' title='bbox 413 2825 530 2877; x_wconf 85' lang='lat' dir='ltr'>excellat</span> <span class='ocrx_word' id='word_1_268' title='bbox 551 2824 580 2876; x_wconf 91' lang='lat' dir='ltr'>in</span> <span class='ocrx_word' id='word_1_269' title='bbox 607 2841 639 2876; x_wconf 85' lang='lat' dir='ltr'>ea</span> <span class='ocrx_word' id='word_1_270' title='bbox 662 2827 828 2891; x_wconf 80' lang='lat' dir='ltr'>proeetetque</span> <span class='ocrx_word' id='word_1_271' title='bbox 852 2823 957 2890; x_wconf 83' lang='lat' dir='ltr'>ceteris,</span> <span class='ocrx_word' id='word_1_272' title='bbox 982 2827 1077 2877; x_wconf 88' lang='lat' dir='ltr'>tamen</span> 
     </span>
    </p>
   </div>
   <div class='ocr_carea' id='block_1_3' title="bbox 7 2902 1077 2956">
    <p class='ocr_par' dir='ltr' id='par_1_5' title="bbox 7 2902 1077 2956">
     <span class='ocr_line' id='line_1_33' title="bbox 7 2902 1077 2956; baseline 0.006 -6"><span class='ocrx_word' id='word_1_273' title='bbox 7 2947 8 2950; x_wconf 76' lang='grc'>,</span> <span class='ocrx_word' id='word_1_274' title='bbox 88 2919 183 2956; x_wconf 87' lang='lat' dir='ltr'>omues</span> <span class='ocrx_word' id='word_1_275' title='bbox 196 2909 269 2956; x_wconf 85' lang='lat' dir='ltr'>artes</span> <span class='ocrx_word' id='word_1_276' title='bbox 283 2904 446 2956; x_wconf 86' lang='lat' dir='ltr'>vetustiores</span> <span class='ocrx_word' id='word_1_277' title='bbox 459 2903 541 2956; x_wconf 86' lang='lat' dir='ltr'>habet</span> <span class='ocrx_word' id='word_1_278' title='bbox 554 2907 583 2956; x_wconf 91' lang='lat' dir='ltr'>et</span> <span class='ocrx_word' id='word_1_279' title='bbox 596 2903 686 2956; x_wconf 89' lang='lat' dir='ltr'>multo</span> <span class='ocrx_word' id='word_1_280' title='bbox 699 2906 764 2954; x_wconf 87' lang='lat' dir='ltr'>ante</span> <span class='ocrx_word' id='word_1_281' title='bbox 777 2919 834 2954; x_wconf 89' lang='lat' dir='ltr'>non</span> <span class='ocrx_word' id='word_1_282' title='bbox 847 2902 973 2956; x_wconf 87' lang='lat' dir='ltr'>inventas</span> <span class='ocrx_word' id='word_1_283' title='bbox 987 2903 1077 2956; x_wconf 88' lang='lat' dir='ltr'>solum</span> 
     </span>
    </p>
   </div>
   <div class='ocr_carea' id='block_1_4' title="bbox 47 2981 1076 3606">
    <p class='ocr_par' dir='ltr' id='par_1_6' title="bbox 47 2981 1076 3606">
     <span class='ocr_line' id='line_1_34' title="bbox 87 2981 1076 3051; baseline 0.001 -16"><span class='ocrx_word' id='word_1_284' title='bbox 87 2981 234 3036; x_wconf 88' lang='lat' dir='ltr'>sedetiam</span> <span class='ocrx_word' id='word_1_285' title='bbox 253 2984 395 3050; x_wconf 83' lang='lat' dir='ltr'>perfectas,</span> <span class='ocrx_word' id='word_1_286' title='bbox 412 3000 497 3051; x_wconf 88' lang='lat' dir='ltr'>quam</span> <span class='ocrx_word' id='word_1_287' title='bbox 515 2983 575 3035; x_wconf 83' lang='lat' dir='ltr'>haec</span> <span class='ocrx_word' id='word_1_288' title='bbox 588 2987 631 3034; x_wconf 88' lang='lat' dir='ltr'>est</span> <span class='ocrx_word' id='word_1_289' title='bbox 650 2981 789 3034; x_wconf 84' lang='lat' dir='ltr'>elaborata</span> <span class='ocrx_word' id='word_1_290' title='bbox 808 2981 917 3034; x_wconf 89' lang='lat' dir='ltr'>dicendi</span> <span class='ocrx_word' id='word_1_291' title='bbox 932 2981 972 3035; x_wconf 83' lang='lat' dir='ltr'>vis</span> <span class='ocrx_word' id='word_1_292' title='bbox 992 2987 1076 3050; x_wconf 84' lang='lat' dir='ltr'>atque</span> 
     </span>
     <span class='ocr_line' id='line_1_35' title="bbox 47 3059 1073 3130; baseline -0.001 -15"><span class='ocrx_word' id='word_1_293' title='bbox 47 3061 52 3072; x_wconf 88' lang='lat'>&#39;</span> <span class='ocrx_word' id='word_1_294' title='bbox 87 3063 173 3130; x_wconf 85' lang='lat' dir='ltr'>copia</span> <span class='ocrx_word' id='word_1_295' title='bbox 218 3061 253 3114; x_wconf 91' lang='lat' dir='ltr'>In</span> <span class='ocrx_word' id='word_1_296' title='bbox 267 3080 349 3130; x_wconf 88' lang='lat' dir='ltr'>quam</span> <span class='ocrx_word' id='word_1_297' title='bbox 363 3079 426 3114; x_wconf 85' lang='lat' dir='ltr'>cum</span> <span class='ocrx_word' id='word_1_298' title='bbox 446 3063 562 3128; x_wconf 86' lang='lat' dir='ltr'>intueor,</span> <span class='ocrx_word' id='word_1_299' title='bbox 579 3061 698 3114; x_wconf 87' lang='lat' dir='ltr'>maxime</span> <span class='ocrx_word' id='word_1_300' title='bbox 718 3059 787 3114; x_wconf 90' lang='lat' dir='ltr'>mibi</span> <span class='ocrx_word' id='word_1_301' title='bbox 799 3065 954 3128; x_wconf 88' lang='lat' dir='ltr'>occurrunt,</span> <span class='ocrx_word' id='word_1_302' title='bbox 970 3062 1073 3128; x_wconf 83' lang='lat' dir='ltr'>Attice,</span> 
     </span>
     <span class='ocr_line' id='line_1_36' title="bbox 87 3139 1076 3210; baseline 0 -16"><span class='ocrx_word' id='word_1_303' title='bbox 87 3147 117 3194; x_wconf 91' lang='lat' dir='ltr'>et</span> <span class='ocrx_word' id='word_1_304' title='bbox 141 3142 220 3210; x_wconf 83' lang='lat' dir='ltr'>quasi</span> <span class='ocrx_word' id='word_1_305' title='bbox 233 3141 327 3194; x_wconf 87' lang='lat' dir='ltr'>lucent</span> <span class='ocrx_word' id='word_1_306' title='bbox 342 3141 460 3194; x_wconf 82' lang='lat' dir='ltr'>Athenae</span> <span class='ocrx_word' id='word_1_307' title='bbox 481 3145 559 3205; x_wconf 84' lang='lat' dir='ltr'>tuee;</span> <span class='ocrx_word' id='word_1_308' title='bbox 580 3157 635 3208; x_wconf 83' lang='lat' dir='ltr'>qua</span> <span class='ocrx_word' id='word_1_309' title='bbox 658 3140 687 3192; x_wconf 88' lang='lat' dir='ltr'>in</span> <span class='ocrx_word' id='word_1_310' title='bbox 708 3139 775 3192; x_wconf 90' lang='lat' dir='ltr'>urbe</span> <span class='ocrx_word' id='word_1_311' title='bbox 795 3140 914 3208; x_wconf 85' lang='lat' dir='ltr'>primum</span> <span class='ocrx_word' id='word_1_312' title='bbox 935 3145 1076 3194; x_wconf 83' lang='lat' dir='ltr'>sacrator</span> 
     </span>
     <span class='ocr_line' id='line_1_37' title="bbox 87 3217 1075 3290; baseline -0.003 -17"><span class='ocrx_word' id='word_1_313' title='bbox 87 3221 190 3273; x_wconf 86' lang='lat' dir='ltr'>extulit</span> <span class='ocrx_word' id='word_1_314' title='bbox 213 3221 387 3290; x_wconf 90' lang='lat' dir='ltr'>primumque</span> <span class='ocrx_word' id='word_1_315' title='bbox 413 3221 498 3274; x_wconf 87' lang='lat' dir='ltr'>etiam</span> <span class='ocrx_word' id='word_1_316' title='bbox 524 3217 709 3274; x_wconf 86' lang='lat' dir='ltr'>monumentis</span> <span class='ocrx_word' id='word_1_317' title='bbox 736 3223 764 3271; x_wconf 91' lang='lat' dir='ltr'>et</span> <span class='ocrx_word' id='word_1_318' title='bbox 790 3219 891 3272; x_wconf 88' lang='lat' dir='ltr'>litteris</span> <span class='ocrx_word' id='word_1_319' title='bbox 918 3219 1005 3272; x_wconf 86' lang='lat' dir='ltr'>oratio</span> <span class='ocrx_word' id='word_1_320' title='bbox 1032 3226 1075 3271; x_wconf 89' lang='lat' dir='ltr'>eet</span> 
     </span>
     <span class='ocr_line' id='line_1_38' title="bbox 87 3297 1075 3368; baseline -0.004 -15"><span class='ocrx_word' id='word_1_321' title='bbox 87 3304 179 3368; x_wconf 86' lang='lat' dir='ltr'>coepta</span> <span class='ocrx_word' id='word_1_322' title='bbox 204 3300 336 3353; x_wconf 85' lang='lat' dir='ltr'>mandari.</span> <span class='ocrx_word' id='word_1_323' title='bbox 395 3300 440 3355; x_wconf 78' lang='lat'>27.</span> <span class='ocrx_word' id='word_1_324' title='bbox 477 3299 579 3352; x_wconf 80' lang='lat' dir='ltr'>Tamen</span> <span class='ocrx_word' id='word_1_325' title='bbox 605 3303 670 3352; x_wconf 89' lang='lat' dir='ltr'>ante</span> <span class='ocrx_word' id='word_1_326' title='bbox 698 3297 840 3364; x_wconf 87' lang='lat' dir='ltr'>Periclem,</span> <span class='ocrx_word' id='word_1_327' title='bbox 869 3297 948 3364; x_wconf 91' lang='lat' dir='ltr'>cujus</span> <span class='ocrx_word' id='word_1_328' title='bbox 974 3297 1075 3364; x_wconf 84' lang='lat' dir='ltr'>scripta</span> 
     </span>
     <span class='ocr_line' id='line_1_39' title="bbox 88 3375 1075 3448; baseline -0.004 -16"><span class='ocrx_word' id='word_1_329' title='bbox 88 3379 218 3448; x_wconf 81' lang='lat' dir='ltr'>quaedam</span> <span class='ocrx_word' id='word_1_330' title='bbox 232 3381 368 3446; x_wconf 85' lang='lat' dir='ltr'>feruntur,</span> <span class='ocrx_word' id='word_1_331' title='bbox 384 3384 413 3431; x_wconf 90' lang='lat' dir='ltr'>et</span> <span class='ocrx_word' id='word_1_332' title='bbox 426 3378 624 3446; x_wconf 83' lang='lat' dir='ltr'>Thucydidem,</span> <span class='ocrx_word' id='word_1_333' title='bbox 640 3377 688 3448; x_wconf 92' lang='lat' dir='ltr'>qui</span> <span class='ocrx_word' id='word_1_334' title='bbox 701 3393 758 3429; x_wconf 86' lang='lat' dir='ltr'>non</span> <span class='ocrx_word' id='word_1_335' title='bbox 770 3376 945 3438; x_wconf 83' lang='lat' dir='ltr'>nascentibus</span> <span class='ocrx_word' id='word_1_336' title='bbox 958 3375 1075 3428; x_wconf 82' lang='lat' dir='ltr'>Athenis</span> 
     </span>
     <span class='ocr_line' id='line_1_40' title="bbox 88 3455 1071 3527; baseline -0.005 -16"><span class='ocrx_word' id='word_1_337' title='bbox 88 3459 136 3512; x_wconf 89' lang='lat' dir='ltr'>sed</span> <span class='ocrx_word' id='word_1_338' title='bbox 147 3459 207 3527; x_wconf 87' lang='lat' dir='ltr'>jam</span> <span class='ocrx_word' id='word_1_339' title='bbox 220 3459 323 3511; x_wconf 83' lang='lat' dir='ltr'>adultis</span> <span class='ocrx_word' id='word_1_340' title='bbox 336 3459 459 3524; x_wconf 75' lang='lat' dir='ltr'>filerumt,</span> <span class='ocrx_word' id='word_1_341' title='bbox 474 3457 569 3510; x_wconf 84' lang='lat' dir='ltr'>littere</span> <span class='ocrx_word' id='word_1_342' title='bbox 581 3457 658 3510; x_wconf 91' lang='lat' dir='ltr'>nulla</span> <span class='ocrx_word' id='word_1_343' title='bbox 671 3459 723 3524; x_wconf 89' lang='lat' dir='ltr'>cst,</span> <span class='ocrx_word' id='word_1_344' title='bbox 738 3471 801 3523; x_wconf 79' lang='lat' dir='ltr'>quae</span> <span class='ocrx_word' id='word_1_345' title='bbox 814 3455 926 3523; x_wconf 87' lang='lat' dir='ltr'>quidem</span> <span class='ocrx_word' id='word_1_346' title='bbox 946 3458 1071 3508; x_wconf 70' lang='lat' dir='ltr'>ornatum</span> 
     </span>
     <span class='ocr_line' id='line_1_41' title="bbox 88 3532 1016 3606; baseline -0.006 -15"><span class='ocrx_word' id='word_1_347' title='bbox 88 3539 208 3606; x_wconf 88' lang='lat' dir='ltr'>aliquem</span> <span class='ocrx_word' id='word_1_348' title='bbox 230 3537 330 3591; x_wconf 88' lang='lat' dir='ltr'>habeat</span> <span class='ocrx_word' id='word_1_349' title='bbox 350 3542 379 3590; x_wconf 91' lang='lat' dir='ltr'>et</span> <span class='ocrx_word' id='word_1_350' title='bbox 399 3537 513 3590; x_wconf 82' lang='lat' dir='ltr'>oratoris</span> <span class='ocrx_word' id='word_1_351' title='bbox 532 3554 591 3589; x_wconf 87' lang='lat' dir='ltr'>esse</span> <span class='ocrx_word' id='word_1_352' title='bbox 611 3535 743 3588; x_wconf 86' lang='lat' dir='ltr'>videatur.</span> <span class='ocrx_word' id='word_1_353' title='bbox 798 3532 963 3600; x_wconf 86' lang='lat' dir='ltr'>Quanquam</span> <span class='ocrx_word' id='word_1_354' title='bbox 982 3551 1016 3586; x_wconf 68' lang='lat' dir='ltr'>or</span> 
     </span>
    </p>
   </div>
   <div class='ocr_carea' id='block_1_5' title="bbox 88 3612 990 3844">
    <p class='ocr_par' dir='ltr' id='par_1_7' title="bbox 88 3612 990 3844">
     <span class='ocr_line' id='line_1_42' title="bbox 88 3612 990 3684; baseline -0.007 -14"><span class='ocrx_word' id='word_1_355' title='bbox 88 3624 130 3670; x_wconf 86' lang='lat' dir='ltr'>est</span> <span class='ocrx_word' id='word_1_356' title='bbox 152 3623 264 3670; x_wconf 89' lang='lat' dir='ltr'>etcum</span> <span class='ocrx_word' id='word_1_357' title='bbox 285 3617 333 3684; x_wconf 93' lang='lat' dir='ltr'>qni</span> <span class='ocrx_word' id='word_1_358' title='bbox 353 3617 450 3669; x_wconf 88' lang='lat' dir='ltr'>multis</span> <span class='ocrx_word' id='word_1_359' title='bbox 472 3616 551 3668; x_wconf 86' lang='lat' dir='ltr'>annis</span> <span class='ocrx_word' id='word_1_360' title='bbox 572 3618 636 3668; x_wconf 85' lang='lat' dir='ltr'>ante</span> <span class='ocrx_word' id='word_1_361' title='bbox 656 3614 706 3666; x_wconf 90' lang='lat' dir='ltr'>hos</span> <span class='ocrx_word' id='word_1_362' title='bbox 729 3613 821 3678; x_wconf 81' lang='lat' dir='ltr'>fuerit,</span> <span class='ocrx_word' id='word_1_363' title='bbox 845 3612 990 3666; x_wconf 83' lang='lat' dir='ltr'>Pisistratu</span> 
     </span>
     <span class='ocr_line' id='line_1_43' title="bbox 89 3691 977 3764; baseline -0.01 -14"><span class='ocrx_word' id='word_1_364' title='bbox 89 3697 171 3764; x_wconf 87' lang='lat' dir='ltr'>paulo</span> <span class='ocrx_word' id='word_1_365' title='bbox 192 3696 325 3748; x_wconf 89' lang='lat' dir='ltr'>seniorem</span> <span class='ocrx_word' id='word_1_366' title='bbox 345 3695 428 3748; x_wconf 80' lang='lat' dir='ltr'>etiam</span> <span class='ocrx_word' id='word_1_367' title='bbox 442 3695 577 3760; x_wconf 87' lang='lat' dir='ltr'>Solonem,</span> <span class='ocrx_word' id='word_1_368' title='bbox 594 3699 742 3761; x_wconf 85' lang='lat' dir='ltr'>posteaque</span> <span class='ocrx_word' id='word_1_369' title='bbox 756 3691 924 3745; x_wconf 79' lang='lat' dir='ltr'>Clisthenem</span> <span class='ocrx_word' id='word_1_370' title='bbox 943 3709 977 3744; x_wconf 87' lang='lat' dir='ltr'>nn</span> 
     </span>
     <span class='ocr_line' id='line_1_44' title="bbox 91 3771 973 3844; baseline -0.007 -15"><span class='ocrx_word' id='word_1_371' title='bbox 91 3781 122 3829; x_wconf 90' lang='lat' dir='ltr'>ut</span> <span class='ocrx_word' id='word_1_372' title='bbox 141 3775 312 3844; x_wconf 88' lang='lat' dir='ltr'>temporibus</span> <span class='ocrx_word' id='word_1_373' title='bbox 330 3774 395 3842; x_wconf 83' lang='lat' dir='ltr'>illis,</span> <span class='ocrx_word' id='word_1_374' title='bbox 411 3775 527 3828; x_wconf 83' lang='lat' dir='ltr'>valuisse</span> <span class='ocrx_word' id='word_1_375' title='bbox 547 3772 669 3826; x_wconf 88' lang='lat' dir='ltr'>dicendo.</span> <span class='ocrx_word' id='word_1_376' title='bbox 715 3773 760 3827; x_wconf 80' lang='lat'>28.</span> <span class='ocrx_word' id='word_1_377' title='bbox 785 3772 853 3824; x_wconf 91' lang='lat' dir='ltr'>Post</span> <span class='ocrx_word' id='word_1_378' title='bbox 873 3771 944 3824; x_wconf 90' lang='lat' dir='ltr'>hanc</span> <span class='ocrx_word' id='word_1_379' title='bbox 964 3788 973 3823; x_wconf 77' lang='lat' dir='ltr'>r</span> 
     </span>
    </p>
   </div>
   <div class='ocr_carea' id='block_1_6' title="bbox 0 0 1222 4164">
    <p class='ocr_par' dir='ltr' id='par_1_8' title="bbox 0 0 1222 4164">
     <span class='ocr_line' id='line_1_45' title="bbox 0 0 1222 4164; baseline 0 4"><span class='ocrx_word' id='word_1_380' title='bbox 0 0 1222 4164; x_wconf 95' lang='lat' dir='ltr'> </span> 
     </span>
    </p>
   </div>
   <div class='ocr_carea' id='block_1_7' title="bbox 880 4060 906 4116">
    <p class='ocr_par' dir='ltr' id='par_1_9' title="bbox 880 4060 906 4116">
     <span class='ocr_line' id='line_1_46' title="bbox 880 4060 906 4116; baseline 0 0"><span class='ocrx_word' id='word_1_381' title='bbox 880 4060 906 4116; x_wconf 68' lang='lat' dir='ltr'><em>A</em></span> 
     </span>
    </p>
   </div>
  </div>
 </body>
</html>
