2436 4164
137 288 177 344 42
458 303 493 346 m.
514 303 624 344 runnu
644 301 812 344 cronacum

138 445 266 510 affemnt,
281 448 324 510 ut,
339 447 472 512 tanquam
485 444 515 496 in
527 443 618 496 herbis
631 460 687 496 non
700 442 850 508 fallacibus,
862 443 968 495 fmctus
981 447 1118 511 appareat,

139 541 196 576 non
210 527 276 576 sunt
300 523 355 576 illae
378 523 489 590 quidem
512 522 708 591 repudiandae:
730 526 852 574 vetustas
873 525 966 574 tamen
987 539 1037 574 suo
1059 523 1120 576 loco

140 602 326 654 conservanda
340 621 346 655 ι
374 603 493 654 maxima
507 606 548 654 est
562 602 635 654 enim
648 601 690 653 vis
704 601 849 653 vetustatis
863 605 891 653 et
905 601 1116 654 consuetudinis.

140 680 299 744 Quinctia
319 681 378 748 ipsc
401 697 481 748 equo,
497 680 575 748 cujus
588 680 670 732 modo
683 680 735 732 feci
752 679 927 746 mentionem,
944 679 967 731 si
978 681 1056 732 malla
1078 697 1121 732 res

140 760 281 828 impediat,
296 775 377 812 nemo
399 763 440 810 est
464 759 532 826 quin
556 775 598 826 eo,
615 775 670 826 quo
693 759 843 826 consuevit,
859 758 989 810 libentius
1012 762 1118 824 utatur,

34 881 39 888 .
141 855 224 906 quam
236 839 386 891 intractato
400 842 428 890 et
442 855 521 891 novo.
560 837 625 890 ·Nec
638 855 703 890 vero
722 837 752 890 in
769 838 830 903 hcc,
845 838 920 904 quod
944 841 985 889 est
1008 837 1118 903 animal,

142 917 190 968 sed
203 918 233 968 in
252 917 286 968 iis
309 917 402 982 etiam,
419 934 481 984 quae
502 920 568 969 sunt
588 917 719 983 inanima,
740 916 907 969 consuetudo
920 917 1013 969 valet:
1034 934 1121 984 quum

141 995 207 1047 locis
240 995 305 1062 ipsis
332 995 507 1062 delectemur,
535 996 688 1048 montuosis
720 995 802 1047 etiam
829 999 857 1047 et
883 994 1063 1060 silvestribus,
1092 996 1122 1046 in

142 1073 242 1141 quibus
262 1073 366 1126 diutius
391 1073 551 1126 commorati
574 1091 674 1128 sumus.
720 1076 765 1128 69.
799 1073 852 1126 Sed
873 1073 1024 1126 maximum
1037 1078 1079 1126 est
1092 1074 1122 1126 in

141 1152 261 1204 amicitia
273 1169 366 1220 parem
386 1169 444 1206 esse
457 1153 586 1207 inferiori.
631 1153 708 1221 sape
722 1153 795 1206 enim
809 1152 977 1206 excellentiae
995 1153 1122 1220 quaedam

142 1235 227 1284 sunt:
261 1231 350 1299 qualis
373 1236 432 1284 erat
455 1231 587 1300 Scipionis
604 1231 634 1284 in
657 1236 760 1298 nostro,
789 1235 822 1284 ut
843 1231 884 1283 ita
906 1231 1004 1297 dicam,
1030 1249 1117 1298 grege.

142 1310 295 1378 Nunquam
315 1327 343 1362 se
357 1310 403 1363 ille
417 1310 507 1378 Philo,
523 1328 665 1378 nunquam
685 1309 806 1378 Rupilio,
821 1327 963 1378 nunquam
985 1309 1123 1362 Mummio

143 1389 309 1456 anteposuit,
351 1407 493 1457 nunquam
530 1390 665 1442 inferioris
698 1389 801 1442 ordinis
831 1389 930 1442 amicis.
995 1387 1026 1452 Q.
1057 1406 1142 1442 vero·

143 1468 299 1520 Maximum
329 1469 451 1535 fratrem,
487 1469 625 1537 egregium
657 1469 747 1522 virum
780 1468 900 1535 omniuo,
936 1467 989 1520 sibi
1020 1485 1123 1536 nequa-

145 1564 229 1614 quam
255 1564 358 1615 parem,
387 1548 462 1616 quod
489 1548 512 1600 is
539 1549 661 1600 anteibat
682 1551 773 1614 aetate,
801 1551 934 1614 tanquam
957 1547 1124 1614 superiorem

144 1625 260 1692 colebat,
289 1643 406 1694 suosque
433 1643 528 1679 omnes
554 1644 603 1694 per
633 1643 661 1678 se
690 1643 768 1694 posse
794 1643 853 1678 esse
879 1626 1023 1694 ampliores
1049 1627 1124 1678 vole-

143 1704 200 1757 bat.
245 1701 290 1760 70.
322 1703 402 1767 Quod
425 1705 581 1758 faciendum
601 1705 821 1772 imitandumque
847 1709 889 1757 est
916 1705 1052 1772 omnibus,
1078 1709 1122 1771 ut,

145 1782 169 1834 si
190 1799 273 1850 quam
294 1783 482 1850 praestantiam
495 1783 616 1852 virtutis,
631 1784 742 1851 ingenii,
757 1785 876 1836 fortunae
890 1784 1028 1836 consecuti
1047 1789 1123 1851 sunt,

144 1860 303 1928 impertiant
317 1878 349 1913 ea
362 1861 426 1928 suis,
442 1863 697 1930 communicentque
711 1863 927 1930 cumproximis;
941 1867 981 1928 ut,
995 1863 1125 1931 ciperen-

145 1939 221 1992 tibus
231 1939 291 1992 nati
301 1939 357 1992 sint
367 1940 525 2007 humilibus,
537 1941 561 1993 si
573 1942 739 2010 propinquos
751 1941 871 1994 habeant
884 1941 1071 1994 imbecilliores
1081 1943 1127 1994 vel

146 2018 237 2071 animo
251 2019 296 2070 vel
308 2018 428 2086 fortuna,
454 2037 548 2073 eorum
571 2025 690 2089 augeant
703 2037 777 2089 opes,
793 2019 885 2088 eisque
907 2020 1005 2073 honori
1025 2020 1082 2073 sint
1096 2025 1126 2072 et

146 2096 294 2165 dignitati:
323 2101 356 2150 ut
379 2098 408 2151 in
422 2098 531 2166 fabulis,
547 2100 596 2168 qui
616 2099 786 2167 aliquamdiu
804 2103 915 2168 propter
927 2099 1127 2167 ignorationem

147 2176 240 2244 stirpis
250 2180 279 2228 et
292 2177 397 2244 generis
410 2177 440 2230 in
453 2179 589 2232 famulatu
602 2179 714 2245 fuerint,
730 2195 816 2247 quum
830 2178 931 2246 cogniti
945 2182 1021 2242 sunt,
1035 2183 1064 2231 et
1077 2183 1128 2231 aut

148 2255 269 2308 Deorum
290 2259 340 2307 aut
359 2273 455 2324 regum
476 2257 527 2310 filii
549 2257 665 2325 inventi,
681 2257 802 2310 retinent
822 2261 917 2310 tmen
941 2258 1083 2310 caritatem
1097 2259 1127 2310 in

146 2337 277 2402 pastores,
293 2351 362 2402 quos
374 2339 465 2402 patres
477 2337 579 2390 multos
592 2353 678 2389 annos
691 2353 748 2390 esse
761 2336 913 2389 duxenmt.
944 2335 1025 2399 Quod
1037 2337 1129 2389 multo

147 2412 270 2480 profecto
283 2412 370 2478 magis
383 2413 412 2464 in
425 2414 497 2466 veris
510 2415 634 2482 patribus
647 2415 781 2482 certisque
794 2415 957 2468 faciendum.
1011 2414 1130 2468 Fructus

150 2491 224 2544 enim
246 2490 349 2558 ingenii
372 2495 400 2544 et
423 2493 535 2546 virtutis
558 2493 699 2561 omnisque
720 2493 887 2562 praestantiae
909 2497 971 2546 tum
993 2493 1131 2546 maximus

149 2570 265 2638 capitam,
281 2586 369 2638 quum
382 2570 412 2622 in
424 2571 579 2639 proximum
592 2589 728 2640 quemque
742 2573 888 2626 confertur.

188 2647 253 2701 XX.
299 2647 344 2705 71.
369 2648 409 2704 Ut
437 2649 521 2718 igitur
550 2651 578 2714 ii,
602 2651 651 2719 qui
679 2651 794 2703 suntin
813 2651 941 2704 amicitiae
961 2650 1131 2720 conjunctio-

148 2727 246 2794 nisque
266 2728 465 2780 necessitudine
485 2729 642 2797 superiores,
665 2747 807 2798 exasquare
827 2747 856 2782 se
876 2747 939 2782 cum
958 2730 1133 2783 inferioribus

149 2806 259 2872 debent,
282 2805 321 2858 sic
346 2806 495 2876 inferiores,
517 2826 573 2860 non
593 2808 683 2861 dolere
703 2826 732 2861 se
752 2827 769 2862 a
788 2809 844 2862 suis
867 2813 916 2862 aut
946 2808 1056 2877 ingenio
1083 2815 1133 2861 aut

149 2885 262 2936 fortuna
280 2889 330 2938 aut
350 2886 484 2954 dignitate
504 2887 635 2956 superari.
681 2888 805 2951 Quorum
834 2887 956 2956 plerique
986 2891 1036 2940 aut
1066 2905 1132 2956 que-

150 2966 251 3015 nmtur
270 2980 376 3032 semper
395 2965 508 3033 aliquid,
531 2970 580 3018 aut
600 2966 683 3018 stiam
703 2967 889 3034 exprobrant3
920 2983 1006 3034 eoque
1035 2968 1131 3034 magis,

150 3042 175 3094 si
194 3041 293 3094 hebere
313 3059 341 3094 se
361 3047 471 3111 putant,
493 3045 567 3112 quod
587 3045 702 3098 officiose
722 3049 751 3097 et
778 3046 864 3098 amice
893 3053 922 3098 et
952 3062 1014 3098 cum
1041 3045 1133 3098 labore

151 3120 244 3187 aliquo
262 3137 314 3172 suc
334 3121 439 3174 factum
459 3128 562 3191 queant
582 3124 690 3178 dicere:
712 3124 837 3177 odiosum
857 3142 922 3178 sane
942 3141 1027 3192 genus
1046 3124 1133 3177 homi-

150 3216 228 3264 num,
250 3198 337 3252 officia
357 3202 599 3268 exprobrantium:
620 3220 681 3271 quae
695 3203 850 3256 meminisse
863 3203 945 3256 debet
959 3205 990 3270 is,
1007 3203 1036 3256 in
1050 3221 1135 3271 quem

151 3278 250 3330 collata
270 3283 342 3344 sunt,
366 3296 422 3332 non
443 3297 660 3346 commemorare,
690 3281 739 3350 qui
766 3283 891 3335 contulit.
937 3281 982 3339 72.
1017 3281 1134 3352 Qunmo

152 3356 229 3408 brem
242 3359 276 3408 ut
295 3356 324 3424 ii,
347 3358 395 3425 qui
415 3359 566 3426 superiores
585 3364 658 3426 sunt,
683 3361 843 3413 submittere
863 3377 892 3413 se
912 3361 1013 3414 debent
1026 3361 1055 3412 in
1069 3362 1135 3414 ami-

152 3434 225 3500 citia,
241 3434 280 3487 sic
293 3436 412 3500 quodam
425 3437 506 3489 modo
519 3437 658 3492 inferiores
671 3439 808 3492 extollere.
840 3439 912 3492 Sunt
924 3441 997 3493 enim
1012 3439 1132 3509 quidam,

153 3513 202 3580 qui
221 3513 350 3566 molestas
369 3515 502 3568 amicitias
520 3517 633 3584 faciunt,
657 3535 743 3585 quum
756 3518 810 3585 ipsi
822 3536 850 3572 se
864 3519 1003 3571 contemni
1016 3522 1136 3587 putant;

154 3591 228 3658 quod
248 3607 305 3642 non
324 3593 381 3646 fere
401 3594 545 3666 contingit,
566 3596 620 3648 nisi
638 3596 681 3662 iis,
704 3597 753 3664 qui
772 3597 855 3650 etiam
875 3597 1088 3650 contemnendos
1108 3615 1137 3650 se

154 3669 344 3734 arbitrantur3
374 3673 423 3740 qui
449 3674 500 3725 hac
519 3674 645 3741 opinione
665 3692 721 3727 non
741 3675 824 3728 modo
844 3677 941 3743 verbis,
975 3677 1023 3728 sed
1053 3676 1138 3729 etiam

155 3763 235 3815 opere
253 3747 365 3805 levandi
384 3756 455 3804 sunt.
501 3754 550 3808 73.
570 3751 689 3806 Tanmm
708 3757 802 3807 autem
822 3754 920 3822 cuique
948 3755 1136 3823 tribuendum,
