2456 4162
167 277 224 332 102
312 313 322 332 .
480 292 515 333 u.
537 291 647 333 runmr
668 291 835 333 crouuorrs

166 433 298 486 inusitate
307 433 391 501 loqui
425 435 489 487 261.
513 433 602 486 Oaesar
612 436 705 486 autem
713 433 848 485 rationem
858 431 991 485 adhibens
1005 437 1154 486 consuetu·

167 513 258 566 dinem
264 513 1153 581 vitiosametcorruptempuraetincorruptaconsuetudineemen-

167 592 222 646 dat.
247 592 347 660 Itaque
358 609 421 644 cum
431 593 466 644 ad
476 592 547 645 hauc
555 592 866 658 elegantiamverborum
874 590 1151 660 Latinorum—quae,

167 671 274 724 etiamsi
282 676 373 725 orator
383 689 438 724 non
448 672 492 737 sis,
504 675 532 723 et
540 670 720 738 sisingenuus
728 671 794 723 civis
802 671 952 737 Romanus,
958 674 1052 723 tamen
1061 689 1153 724 neces·

168 752 238 804 saria
251 755 322 802 est·
332 751 458 818 adjungit
471 750 519 802 illa
529 751 647 802 oratoria
660 754 820 802 ornamenta
833 749 950 815 dicendi,
967 753 1029 803 tum
1040 749 1154 802 videtur

167 835 301 898 tanquam
313 830 421 882 tabulas
430 829 499 881 bene
507 829 593 896 pictas
606 829 736 882 collocare
744 830 773 880 in
782 829 854 881 bono
861 829 972 882 lumine.
997 829 1080 882 Hanc
1089 846 1151 882 cum

168 910 267 961 habeat
281 909 445 978 praecipuam
458 908 578 974 laudem,
595 908 622 960 in
636 908 826 968 communibus
840 925 897 960 non
908 908 987 960 video
997 909 1042 961 cui
1050 908 1151 961 debeat

169 988 271 1041 cedere.
298 987 474 1055 Splendidam
482 987 621 1055 quandam
632 987 798 1055 minimeque
808 988 1001 1040 veteratoriam
1014 987 1151 1040 rationem

169 1067 279 1120 dicendi
292 1070 378 1133 tenet,
393 1083 467 1133 voce,
483 1070 570 1132 motu,
587 1067 675 1119 forma
684 1067 767 1118 etiam
775 1067 946 1134 magnificam
956 1071 984 1119 et
993 1084 1153 1134 generosam

170 1147 289 1214 quodam
298 1145 386 1198 modo.
431 1147 496 1199 262.
521 1146 591 1198 Tum
602 1145 706 1198 Brutus
720 1164 726 1199 ι
747 1145 890 1198 Orationes
895 1146 1006 1214 quidem
1012 1147 1073 1214 ejus
1083 1147 1153 1198 mihi

170 1226 347 1278 vehementer
359 1225 525 1294 probantur3
538 1225 690 1292 complures
703 1229 796 1277 autem
806 1225 860 1292 legi
873 1245 880 1289 ;
894 1229 977 1293 atque
986 1226 1070 1277 etiam
1081 1243 1153 1278 com-

170 1305 319 1358 mentarios
342 1305 475 1374 quosdam
498 1305 605 1372 scripsit
631 1321 723 1356 rerum
749 1321 866 1357 suarum.
911 1303 1000 1358 Valde
1027 1305 1151 1373 quidem,

171 1385 293 1453 inquam,
318 1385 473 1454 probandos
485 1405 492 1450 ;
512 1385 582 1438 nudi
604 1385 678 1438 enim
702 1388 777 1450 sunt,
796 1383 864 1436 recti
885 1387 913 1436 et
936 1385 1053 1451 venusti,
1078 1385 1155 1437 omui

172 1469 272 1517 ornatu
285 1465 416 1518 orationis
429 1472 561 1533 tanquam
577 1469 650 1518 veste
664 1464 793 1518 detracta.
839 1463 890 1516 Sed
904 1463 970 1516 dum
984 1465 1072 1516 voluit
1086 1464 1156 1516 alios

171 1544 271 1596 habere
284 1548 386 1612 parata,
411 1543 485 1596 unde
506 1548 653 1610 sumerent,
679 1543 728 1612 qui
744 1543 847 1595 vellent
869 1543 983 1595 scribere
1000 1542 1152 1608 historiam,

171 1623 273 1690 ineptis
286 1626 394 1689 gratum
407 1621 522 1674 fortasse
535 1621 610 1688 iecit,
626 1621 674 1688 qui
687 1622 782 1674 volent
795 1621 843 1673 illa
857 1622 1016 1674 calamistris
1024 1621 1134 1673 inurere
1149 1641 1154 1673 :

172 1718 252 1754 sanos
265 1701 377 1770 quidem
390 1700 513 1753 homines
526 1717 543 1753 a
556 1700 699 1753 scribendo
712 1699 847 1753 deterruit
862 1719 868 1763 ;
889 1700 959 1752 nihil
973 1705 1014 1752 est
1038 1700 1113 1752 euim
1127 1700 1158 1751 in

172 1780 286 1832 historia
298 1797 367 1847 pura
380 1783 408 1832 et
421 1779 523 1832 illustri
535 1779 669 1832 brevitate
683 1779 797 1833 dulcius
842 1778 896 1832 Sed
907 1779 943 1832 ad
956 1797 1011 1846 eos,
1024 1779 1047 1831 si
1054 1779 1157 1846 placet,

172 1859 222 1928 qui
236 1859 294 1911 vita
306 1863 487 1925 excessenmt,
500 1863 675 1912 revertamur.

212 1937 345 1992 LXXVI.
391 1936 456 1992 263.
480 1937 509 1992 6.
541 1937 657 1990 Sicinius
682 1937 768 2006 lgItur
791 1936 822 2001 Q.
854 1937 979 2006 Pompeii
1001 1937 1085 2003 illius,
1110 1937 1160 2005 qui

173 2034 269 2071 censor
281 2017 343 2084 fuit,
361 2035 395 2070 ex
409 2018 465 2070 filia
482 2035 574 2086 nepos,
599 2017 761 2086 quaestorius
783 2021 909 2070 mortuus
927 2022 989 2083 est;
1009 2015 1161 2086 probabilis

173 2101 274 2164 orator,
286 2097 346 2165 jam
359 2114 423 2150 vero
436 2096 519 2150 etiam
531 2097 671 2165 probatus,
687 2113 722 2148 ex
729 2095 781 2149 hac
793 2095 869 2164 inopi
882 2096 917 2148 ad
931 2097 1094 2164 ornandum,
1111 2096 1161 2148 sed

173 2177 209 2230 ad
223 2176 420 2230 inveniendum
433 2176 561 2244 expedita
584 2175 761 2244 Hermagora
785 2175 936 2243 disciplina
980 2175 1021 2228 Ea
1042 2175 1092 2228 dat
1116 2193 1160 2227 ra·

173 2255 262 2308 tiones
289 2260 376 2308 certae
398 2259 426 2308 et
449 2259 585 2323 praecepta
608 2255 738 2318 dicendi3
768 2271 831 2323 quae
852 2255 875 2307 si
901 2254 1034 2307 minorem
1055 2255 1162 2308 habent

174 2338 342 2402 apparatum,
360 2338 426 2386 sunt
439 2334 512 2386 enim
526 2335 615 2400 exilia,
628 2338 722 2387 tamen
734 2333 838 2387 habent
851 2333 973 2386 ordinem
985 2338 1013 2386 et
1027 2333 1163 2402 quasdam

174 2430 264 2466 errare
277 2413 307 2465 iu
320 2413 437 2465 diceudo
450 2430 506 2465 non
519 2413 655 2480 patientes
668 2414 733 2467 vias.
771 2413 831 2466 Has
839 2413 885 2465 ille
894 2429 1000 2479 tenens,
1011 2417 1039 2465 et
1047 2417 1163 2481 paratus

175 2492 211 2544 ad
222 2509 316 2544 causas
329 2491 449 2558 veniens,
466 2491 612 2544 verborum
625 2509 681 2544 non
695 2509 785 2560 egens,
810 2492 869 2560 ipsa
890 2492 938 2544 illa
959 2493 1164 2560 comparatione

175 2571 373 2639 disciplinaque
394 2569 503 2623 dicendi
522 2569 581 2638 jam
596 2570 626 2622 iu
639 2574 818 2638 patronorum
830 2588 976 2623 numerum
989 2575 1161 2638 pervenerat.

178 2652 243 2704 264.
268 2650 335 2702 Erat
349 2649 433 2702 etiam
448 2649 489 2702 vir
502 2649 599 2702 doctus
613 2650 642 2701 in
655 2649 750 2716 primis
773 2649 801 2703 O.
819 2650 951 2702 Visellius
975 2649 1071 2716 Varro,
1099 2666 1164 2702 con·

176 2728 301 2782 sobrinus
314 2745 400 2796 meus,
413 2729 462 2795 qui
474 2728 529 2780 fuit
543 2745 605 2781 cum
619 2727 720 2781 Sicinio
738 2733 820 2781 aetate
837 2728 1007 2796 conjunctus
1051 2727 1081 2780 Is
1101 2746 1165 2781 cum

178 2813 240 2876 post
254 2807 376 2860 cmulem
389 2807 551 2860 aedilitatem
561 2807 650 2875 judex
664 2808 823 2875 quaestionis
844 2812 924 2874 esset,
950 2811 992 2860 est
1014 2811 1145 2860 mortuus
1159 2829 1166 2870 3

177 2887 207 2940 in
232 2903 287 2954 quo
310 2887 398 2939 fateor
411 2886 487 2954 vulgi
506 2885 671 2954 judiciuma
689 2886 794 2954 judicio
807 2904 868 2940 meo
881 2886 1044 2940 dissensisse.
1090 2886 1121 2938 N
1123 2905 1166 2939 am

179 2965 282 3033 populo
308 2982 365 3017 non
392 2968 450 3018 erat
472 2965 538 3018 satis
558 2965 723 3020 vendibilis:
751 2983 871 3034 praeceps
892 2965 1018 3034 quaedam
1044 2969 1074 3018 et
1104 2984 1168 3019 oum

177 3044 279 3097 idcirco
305 3043 428 3111 obscura,
458 3044 523 3111 quia
543 3048 681 3111 peracuta,
709 3049 772 3098 tum
797 3045 944 3113 rapiditate
971 3048 999 3096 et
1026 3044 1169 3098 celeritate

179 3126 281 3176 caecata
294 3123 401 3187 oratio;
421 3122 469 3174 sed
482 3138 571 3190 neque
584 3122 675 3175 verbis
698 3124 831 3191 aptiorem
853 3125 907 3177 cito
929 3123 1013 3175 alium
1035 3123 1165 3190 dixerim,
1209 3183 1210 3186 Ἴ

179 3219 269 3270 neque
293 3201 436 3254 sententiis
460 3201 626 3256 crebriorem.
671 3202 808 3255 Proeterea
833 3203 970 3271 perfectus
997 3203 1027 3254 in
1054 3201 1167 3269 litteris,
1209 3225 1210 3271 l

178 3282 304 3350 jurisque
319 3280 406 3334 civilis
416 3280 475 3348 jam
488 3298 505 3333 a
518 3285 595 3349 patre
617 3281 756 3334 Aculeone
777 3282 908 3334 traditam
929 3281 1022 3333 tenuit
1045 3281 1168 3350 discipli-
1208 3319 1209 3381 p

179 3377 251 3413 nam
297 3362 363 3414 265.
387 3359 500 3428 Reliqui
513 3364 587 3427 sunt,
604 3360 652 3428 qui
661 3360 764 3413 mortui
777 3360 840 3426 sint,
857 3359 887 3413 L
901 3359 1066 3427 Torquatus,
1084 3378 1169 3429 quem
1207 3415 1208 3418 ,

179 3445 213 3492 tu
226 3456 282 3491 non
295 3443 353 3492 tam
367 3439 422 3492 cito
434 3439 572 3492 rhetorem
585 3439 709 3506 dixisses,
720 3439 772 3491 etsi
785 3455 841 3491 non
854 3438 947 3492 deerat
961 3439 1058 3506 oratio,
1070 3456 1167 3508 quam,
1207 3419 1208 3491 i

179 3522 213 3571 ut
227 3517 315 3570 Graeci
329 3518 435 3584 dimmt,
450 3517 587 3572 πολιτικόν.
631 3518 718 3571 Erant
727 3518 757 3570 in
766 3534 798 3570 eo
808 3518 935 3586 plurimae
948 3517 1049 3571 litterae
1063 3536 1118 3572 nec
1131 3537 1173 3572 ese

181 3597 315 3664 vulgares,
332 3596 379 3649 sed
393 3597 535 3650 interiores
549 3596 675 3665 quaedam
687 3601 716 3649 et
737 3597 894 3664 reconditae,
913 3597 1008 3649 divina
1024 3600 1167 3663 memoria,

181 3691 288 3727 summa
301 3675 446 3727 verborum
467 3680 496 3728 et
519 3675 638 3743 gravitas
659 3679 688 3727 et
711 3675 867 3743 elegantia;
887 3679 971 3744 atque
992 3675 1053 3728 heac
1076 3678 1172 3730 omnia

181 3752 247 3805 vitea
260 3753 405 3806 decorabat
428 3753 548 3822 dignitas
569 3758 597 3806 et
619 3753 768 3821 integritas.
813 3754 861 3806 Me
883 3754 996 3823 quidem
1017 3755 1173 3808 admodum
