2456 4162
137 265 194 322 106
449 277 484 319 u.
506 277 615 318 111111
637 275 804 318 1111111111

176 419 241 478 279.
274 419 344 472 Tum
373 417 488 484 Brutus,
513 416 608 486 Atque
636 416 804 482 dubitamus,
826 415 927 484 inquit,
953 420 1050 470 utrum
1070 417 1127 470 ista

135 500 237 553 sanitas
258 499 349 564 suerit,
373 515 409 550 an
428 497 552 550 vitiumt
589 495 658 560 Quis
679 495 753 547 enim
775 511 832 546 non
852 496 981 564 fateatur,
1003 513 1067 549 oum
1089 515 1125 549 ex

135 579 261 633 omnibus
282 577 396 630 oratoris
418 575 545 628 laudibus
565 575 647 642 longe
670 575 723 626 ista
746 574 781 625 sit
802 575 929 641 maxima,
953 575 1125 628 inflammare

135 659 241 712 animos
270 656 442 709 audientium
461 659 500 721 et,
522 669 695 723 quocumque
724 669 767 704 res
797 654 918 720 postulet
946 655 1038 722 modo,
1061 656 1124 706 flec-

136 742 204 804 tere,
227 737 275 804 qui
293 735 345 788 hae
367 735 468 786 virtute
497 733 622 799 caruerit,
644 732 673 785 id
703 732 737 798 ei,
760 732 835 799 quod
855 733 1006 786 maximum
1026 734 1123 801 fuerit,

137 815 277 870 defuisset
400 851 404 858 ·

176 893 311 947 LXXXI.
356 891 398 946 sit
411 909 475 944 sane
488 891 537 957 ita,
552 890 687 959 inquam3
707 889 755 942 sed
775 890 916 944 redeamus
937 891 1060 959 adeum,
1075 893 1126 960 qui

134 974 193 1042 jam
206 990 278 1025 unus
291 974 385 1037 restat,
401 971 583 1022 Hortensium
597 989 604 1034 3
633 972 695 1021 tum
707 969 742 1021 de
755 969 891 1022 nobismet
903 971 978 1038 ipsis,
994 971 1126 1038 quoniam

138 1054 168 1106 id
181 1052 274 1116 111111,
292 1050 388 1116 Β1111,
400 1049 532 1118 postulas,
544 1065 631 1116 pauca
650 1048 778 1101 dicemus.
824 1048 987 1116 Quanquam
1000 1050 1128 1102 facienda

137 1131 242 1188 mentio
256 1133 307 1194 est,
319 1133 351 1181 ut
365 1128 478 1196 quidem
485 1128 554 1180 mihi
566 1127 686 1193 videtur,
698 1127 816 1179 duorum
830 1128 1053 1196 adolescentium,
1066 1131 1125 1197 qui,

140 1211 163 1262 si
182 1209 287 1262 diutius
309 1208 452 1274 vixissent,
472 1223 601 1274 magnam
624 1209 715 1259 essent
739 1206 903 1274 eloquentiae
927 1208 1038 1260 laudem
1063 1225 1127 1261 oon-

140 1289 233 1342 111111
279 1289 344 1342 280.
369 1286 398 1341 C.
423 1286 568 1339 Curionem
581 1289 617 1352 11,
641 1283 734 1353 inquit
753 1285 866 1353 Brutus,
888 1290 916 1338 11
937 1285 966 1340 C.
990 1287 1129 1340 Licinium

141 1369 256 1422 Calvum
269 1366 489 1420 arbitrordieere.

182 1449 276 1514 Recte,
296 1447 419 1514 inquam,
439 1443 597 1508 arbitraris3
618 1460 735 1511 quorum
753 1443 865 1510 quidem
888 1444 958 1497 alter
979 1445 1020 1498 ita
1049 1445 1130 1498 facile

143 1529 286 1595 soluteque
300 1525 389 1578 verbis
401 1524 529 1577 volvebat
543 1522 609 1576 satis
626 1522 766 1575 interdum
779 1527 882 1590 acutas,
899 1525 1004 1577 orehras
1018 1525 1131 1592 quidem

143 1611 215 1660 certe
229 1605 387 1670 sententias,
402 1608 436 1656 ut
456 1602 526 1655 nihil
543 1605 634 1670 posset
657 1601 779 1654 ornatius
799 1619 865 1665 esse,
881 1602 951 1656 nihil
964 1603 1127 1672 expeditius.

144 1688 238 1752 Atque
251 1685 296 1736 hio
309 1699 405 1750 parum
419 1699 436 1734 a
448 1681 585 1749 magistris
597 1680 742 1734 institutus
762 1685 892 1734 naturam
904 1681 1002 1734 habuit
1015 1683 1132 1736 admira·

144 1765 228 1816 bilem
249 1762 285 1815 ad
298 1760 466 1824 dicendum
489 1759 653 1812 industriam
670 1777 727 1812 non
750 1776 812 1812 sum
835 1765 962 1828 expertus
976 1779 984 1826 ;
1007 1762 1133 1814 studium

146 1845 219 1895 certe
232 1841 293 1893 fuit.
318 1839 458 1904 Quisime
469 1839 564 1892 audire
573 1839 712 1906 voluisset,
728 1843 761 1891 ut
775 1844 902 1908 coeperat,
918 1840 1035 1893 honores
1049 1857 1134 1908 quam

147 1939 211 1990 opes
225 1919 354 1987 consequi
366 1917 513 1972 maluisset.
569 1917 707 1981 Quidnam
719 1923 771 1984 est,
786 1919 887 1987 inquit,
899 1919 989 1972 111111
1009 1923 1037 1972 11
1051 1937 1135 1987 quem

147 2001 184 2054 ad
196 2000 309 2053 modum
322 1997 467 2065 distinguis
479 1997 489 2050 l
528 1997 590 2050 Hoc
602 1997 694 2064 modo,
709 1997 829 2065 inquam
875 2001 939 2052 281.
964 1998 1034 2052 Cum
1046 1999 1136 2052 honos

148 2081 185 2132 sit
198 2079 341 2148 praemium
353 2077 465 2130 virtutis
483 2076 588 2145 judicio
611 2077 757 2144 studioque
779 2077 879 2129 civium
902 2078 1024 2130 delatum
1037 2078 1073 2130 ad
1087 2079 1135 2130 ali-

149 2177 239 2228 quem,
257 2157 306 2226 qui
319 2174 383 2211 eum
395 2156 548 2222 sententiis,
564 2155 613 2222 qui
635 2155 769 2222 suffragiis
791 2155 908 2223 adeptus
921 2161 971 2222 est,
987 2157 1011 2209 is
1023 2157 1093 2210 mihi
1107 2163 1136 2210 et

149 2239 280 2291 honestus
297 2241 327 2289 et
346 2237 496 2288 honoratus
518 2234 635 2288 videtur.
688 2232 743 2297 Qui
770 2239 862 2287 autem
884 2236 1022 2288 occasione
1043 2237 1138 2304 aliqua

150 2317 234 2370 etiam
247 2315 342 2368 invitis
355 2314 411 2367 suis
424 2313 528 2366 civibus
540 2317 638 2365 nactus
650 2317 692 2365 est
712 2312 873 2380 imperium,
881 2319 914 2367 ut
933 2315 980 2366 ille
998 2315 1136 2383 cupiebat,

150 2397 224 2448 hunc
237 2411 337 2446 nomen
349 2391 460 2444 honoris
473 2392 611 2460 adeptum,
627 2407 684 2443 non
697 2391 828 2445 honorem
840 2397 916 2461 puto.
972 2393 1039 2458 Quae
1054 2393 1077 2446 si
1090 2395 1138 2446 ille

151 2475 246 2528 audire
260 2473 399 2537 voluisset,
414 2471 535 2523 maxima
549 2487 611 2522 eum
620 2470 707 2538 gratia
717 2471 840 2538 etgloria
853 2472 889 2524 ad
898 2489 1032 2525 summam
1040 2474 1138 2542 ampli-

151 2553 277 2606 tudinem
284 2550 461 2619 pervenisset,
473 2548 621 2602 ascendens
630 2549 760 2615 gradibus
773 2551 992 2618 magistratuum,
1009 2559 1041 2604 11
1059 2557 1140 2619 pater

152 2633 212 2700 ejus
220 2632 331 2696 fecerat,
341 2633 374 2682 ut
382 2628 481 2696 reliqui
491 2627 683 2682 clarioresviri.
730 2627 798 2692 Quae
807 2629 919 2698 quidem
930 2631 1014 2683 etiam
1025 2647 1088 2683 eum
1103 2632 1134 2684 P.

153 2711 248 2764 Crasso
259 2709 298 2762 M.
313 2709 344 2761 F.
359 2725 421 2761 cum
430 2708 511 2760 initio
525 2707 617 2760 aetatis
630 2707 665 2760 ad
675 2707 823 2760 amicitiam
833 2725 862 2760 se
870 2725 958 2761 meam
966 2709 1138 2778 contulisset,

153 2807 225 2857 saepe
235 2788 321 2856 egisse
334 2804 380 2842 me
394 2787 520 2853 arbitror,
543 2803 605 2838 cum
619 2803 682 2838 eum
696 2786 871 2839 vehementer
883 2788 1015 2856 hortarer,
1031 2793 1064 2841 ut
1079 2807 1141 2842 earn

153 2868 242 2921 laudis
252 2867 326 2919 viam
339 2866 518 2919 rectissimam
526 2882 583 2917 esse
591 2865 809 2933 duceret-quam
816 2866 932 2934 majores
942 2867 1002 2935 ejus
1010 2867 1035 2920 ei
1042 2869 1140 2921 tritam

153 2946 336 3013 reliquissent.
385 2947 450 2998 282.
476 2944 544 2996 Erat
554 2944 627 2996 enim
637 2944 852 2998 euminstitutus
862 2945 974 3012 optime,
986 2951 1048 2999 tum
1056 2948 1141 3000 etiam

153 3025 273 3093 perfecte
286 3024 421 3091 planeque
435 3023 568 3088 eruditus,
585 3023 728 3090 ineratque
745 3027 773 3075 11
791 3023 932 3091 ingenium
946 3025 1011 3078 satis
1025 3043 1095 3091 aere,
1112 3031 1142 3080 et

155 3103 286 3156 orationis
296 3119 354 3156 non
366 3101 506 3169 inelegans
519 3101 611 3168 eopia;
625 3106 810 3170 praetereaque
821 3103 879 3156 sine
887 3104 1041 3172 arrogantia
1051 3106 1143 3172 gravis

156 3199 213 3236 esse
220 3181 373 3247 videbatur,
386 3184 414 3232 et
423 3181 481 3233 sine
492 3179 608 3248 segnitia
617 3181 792 3235 verecundus.
827 3181 881 3235 Sed
890 3182 964 3235 huno
975 3201 1085 3252 quoque
1094 3185 1142 3237 ab·

155 3261 262 3316 sorbuit
282 3264 367 3313 11111
389 3259 502 3326 quidam
518 3259 638 3312 insolitae
651 3259 867 3313 adolescentibus
880 3261 992 3329 gloriee5
1013 3263 1062 3330 qui
1076 3265 1144 3331 quia

154 3343 271 3394 navaret
283 3339 360 3392 miles
384 3355 493 3406 operam
514 3338 681 3406 imperatori,
706 3338 897 3406 imperatorem
918 3357 946 3392 se
967 3343 1062 3394 statim
1084 3360 1143 3396 esse

156 3419 292 3488 cupiebat,
308 3418 353 3470 111
362 3417 470 3470 muneri
483 3433 542 3469 mos
554 3417 689 3485 majorum
697 3422 807 3470 aetatem
815 3423 926 3486 certam,
940 3424 1042 3472 sortem
1055 3421 1142 3475 incer-

155 3503 214 3551 tam
237 3498 355 3566 reliquit.
410 3495 456 3550 Ita
467 3496 625 3564 gravissimo
638 3513 688 3549 suo
701 3513 773 3564 casu,
789 3497 856 3550 dum
870 3497 934 3565 Cyri
947 3503 976 3551 et
989 3500 1144 3554 Alexandri

157 3577 252 3628 similis
265 3594 322 3630 esse
339 3575 439 3642 voluit,
454 3571 503 3642 qui
515 3591 596 3626 suum
609 3591 718 3627 cursum
727 3579 951 3645 transcurrerent,
965 3582 994 3631 et
1007 3578 1037 3632 L.
1053 3579 1143 3633 Crassi

157 3659 186 3707 et
198 3655 348 3707 multorum
362 3654 518 3707 Crassorum
529 3653 659 3706 inventus
672 3658 713 3706 est
726 3653 928 3708 dissimillimus.

197 3732 346 3787 LXXXII.
392 3734 457 3787 283.
482 3731 533 3786 Sed
558 3732 594 3784 ad
615 3731 739 3800 Calvum,
754 3732 778 3784 is
791 3733 865 3786 enim
885 3735 963 3788 nobis
976 3743 1143 3808 eratpropo·
