<?xml version="1.0" encoding="UTF-8"?>
<!DOCTYPE html PUBLIC "-//W3C//DTD XHTML 1.0 Transitional//EN"
    "http://www.w3.org/TR/xhtml1/DTD/xhtml1-transitional.dtd">
<html xmlns="http://www.w3.org/1999/xhtml" xml:lang="en" lang="en">
 <head>
  <title>
</title>
<meta http-equiv="Content-Type" content="text/html;charset=utf-8" />
  <meta name='ocr-system' content='tesseract 3.04.00' />
  <meta name='ocr-capabilities' content='ocr_page ocr_carea ocr_par ocr_line ocrx_word'/>
</head>
<body>
  <div class='ocr_page' id='page_1' title='image "./catomajorlacliu00cicegoog_0072.png"; bbox 0 0 2436 4164; ppageno 0'>
   <div class='ocr_carea' id='block_1_1' title="bbox 521 233 1081 288">
    <p class='ocr_par' dir='ltr' id='par_1_1' title="bbox 521 233 1081 288">
     <span class='ocr_line' id='line_1_1' title="bbox 521 233 1081 288; baseline 0 -2"><span class='ocrx_word' id='word_1_1' title='bbox 521 246 655 288; x_wconf 80' lang='lat' dir='ltr'><strong>saurus.</strong></span> <span class='ocrx_word' id='word_1_2' title='bbox 1043 233 1081 288; x_wconf 83' lang='grc'><strong>59</strong></span> 
     </span>
    </p>
   </div>
   <div class='ocr_carea' id='block_1_2' title="bbox 94 379 1158 2906">
    <p class='ocr_par' dir='ltr' id='par_1_2' title="bbox 94 379 1158 2034">
     <span class='ocr_line' id='line_1_2' title="bbox 95 379 1080 452; baseline 0.004 -18"><span class='ocrx_word' id='word_1_3' title='bbox 95 379 223 449; x_wconf 91' lang='lat' dir='ltr'><strong>primum,</strong></span> <span class='ocrx_word' id='word_1_4' title='bbox 239 382 314 450; x_wconf 91' lang='lat' dir='ltr'><strong>quod</strong></span> <span class='ocrx_word' id='word_1_5' title='bbox 327 386 398 436; x_wconf 89' lang='lat' dir='ltr'><strong>esset</strong></span> <span class='ocrx_word' id='word_1_6' title='bbox 411 387 492 436; x_wconf 87' lang='lat' dir='ltr'><strong>acuta</strong></span> <span class='ocrx_word' id='word_1_7' title='bbox 505 382 553 436; x_wconf 88' lang='lat' dir='ltr'><strong>illa</strong></span> <span class='ocrx_word' id='word_1_8' title='bbox 565 401 632 452; x_wconf 79' lang='lat' dir='ltr'><strong>gens</strong></span> <span class='ocrx_word' id='word_1_9' title='bbox 646 388 674 437; x_wconf 88' lang='lat' dir='ltr'><strong>et</strong></span> <span class='ocrx_word' id='word_1_10' title='bbox 689 385 882 438; x_wconf 88' lang='lat' dir='ltr'><strong>controversiae</strong></span> <span class='ocrx_word' id='word_1_11' title='bbox 902 387 977 452; x_wconf 86' lang='lat' dir='ltr'><strong>nata,</strong></span> <span class='ocrx_word' id='word_1_12' title='bbox 992 389 1080 438; x_wconf 87' lang='lat' dir='ltr'><strong>artem</strong></span> 
     </span>
     <span class='ocr_line' id='line_1_3' title="bbox 95 461 1080 532; baseline 0.006 -20"><span class='ocrx_word' id='word_1_13' title='bbox 95 464 124 512; x_wconf 90' lang='lat' dir='ltr'><strong>et</strong></span> <span class='ocrx_word' id='word_1_14' title='bbox 147 465 282 530; x_wconf 71' lang='lat' dir='ltr'><strong>praecepta</strong></span> <span class='ocrx_word' id='word_1_15' title='bbox 306 461 410 516; x_wconf 87' lang='lat' dir='ltr'><strong>Siculos</strong></span> <span class='ocrx_word' id='word_1_16' title='bbox 431 463 559 516; x_wconf 83' lang='lat' dir='ltr'><strong>(loracem</strong></span> <span class='ocrx_word' id='word_1_17' title='bbox 582 469 611 516; x_wconf 87' lang='lat' dir='ltr'><strong>et</strong></span> <span class='ocrx_word' id='word_1_18' title='bbox 633 465 733 516; x_wconf 78' lang='lat' dir='ltr'><strong>Tisiam</strong></span> <span class='ocrx_word' id='word_1_19' title='bbox 757 465 953 532; x_wconf 80' lang='lat' dir='ltr'><strong>conscripsisse.</strong></span> <span class='ocrx_word' id='word_1_20' title='bbox 1005 464 1080 518; x_wconf 87' lang='lat' dir='ltr'><strong>Nam</strong></span> 
     </span>
     <span class='ocr_line' id='line_1_4' title="bbox 94 541 1080 610; baseline 0.005 -19"><span class='ocrx_word' id='word_1_21' title='bbox 94 543 176 592; x_wconf 89' lang='lat' dir='ltr'><strong>antea</strong></span> <span class='ocrx_word' id='word_1_22' title='bbox 197 541 334 594; x_wconf 89' lang='lat' dir='ltr'><strong>neminem</strong></span> <span class='ocrx_word' id='word_1_23' title='bbox 358 542 471 594; x_wconf 90' lang='lat' dir='ltr'><strong>solitum</strong></span> <span class='ocrx_word' id='word_1_24' title='bbox 486 543 532 596; x_wconf 89' lang='lat' dir='ltr'><strong>via</strong></span> <span class='ocrx_word' id='word_1_25' title='bbox 552 560 603 596; x_wconf 89' lang='lat' dir='ltr'><strong>nec</strong></span> <span class='ocrx_word' id='word_1_26' title='bbox 626 549 694 610; x_wconf 88' lang='lat' dir='ltr'><strong>arte,</strong></span> <span class='ocrx_word' id='word_1_27' title='bbox 717 543 765 596; x_wconf 89' lang='lat' dir='ltr'><strong>sed</strong></span> <span class='ocrx_word' id='word_1_28' title='bbox 789 547 914 596; x_wconf 84' lang='lat' dir='ltr'><strong>accurate</strong></span> <span class='ocrx_word' id='word_1_29' title='bbox 935 548 1029 596; x_wconf 87' lang='lat' dir='ltr'><strong>tamen</strong></span> <span class='ocrx_word' id='word_1_30' title='bbox 1051 548 1080 596; x_wconf 83' lang='lat' dir='ltr'><strong>et</strong></span> 
     </span>
     <span class='ocr_line' id='line_1_5' title="bbox 94 619 1158 694; baseline 0.006 -24"><span class='ocrx_word' id='word_1_31' title='bbox 94 619 228 686; x_wconf 85' lang='lat' dir='ltr'><strong>descripte</strong></span> <span class='ocrx_word' id='word_1_32' title='bbox 241 621 383 688; x_wconf 85' lang='lat' dir='ltr'><strong>plerosque</strong></span> <span class='ocrx_word' id='word_1_33' title='bbox 396 621 495 688; x_wconf 90' lang='lat' dir='ltr'><strong>dicere,</strong></span> <span class='ocrx_word' id='word_1_34' title='bbox 511 623 678 690; x_wconf 86' lang='lat' dir='ltr'><strong>scriptasque</strong></span> <span class='ocrx_word' id='word_1_35' title='bbox 692 623 776 676; x_wconf 80' lang='lat' dir='ltr'><strong>fuisse</strong></span> <span class='ocrx_word' id='word_1_36' title='bbox 790 627 818 675; x_wconf 94' lang='lat' dir='ltr'><strong>et</strong></span> <span class='ocrx_word' id='word_1_37' title='bbox 832 626 940 690; x_wconf 86' lang='lat' dir='ltr'><strong>paratas</strong></span> <span class='ocrx_word' id='word_1_38' title='bbox 953 641 970 675; x_wconf 86' lang='lat' dir='ltr'><strong>a</strong></span> <span class='ocrx_word' id='word_1_39' title='bbox 983 623 1079 694; x_wconf 81' lang='lat' dir='ltr'><strong>Prota-</strong></span> <span class='ocrx_word' id='word_1_40' title='bbox 1155 637 1158 648; x_wconf 64' lang='lat'><em>¹</em></span> 
     </span>
     <span class='ocr_line' id='line_1_6' title="bbox 94 700 1079 770; baseline 0.004 -20"><span class='ocrx_word' id='word_1_41' title='bbox 94 715 160 764; x_wconf 86' lang='lat' dir='ltr'><strong>gora</strong></span> <span class='ocrx_word' id='word_1_42' title='bbox 172 716 264 752; x_wconf 89' lang='lat' dir='ltr'><strong>rerum</strong></span> <span class='ocrx_word' id='word_1_43' title='bbox 277 700 426 752; x_wconf 77' lang='lat' dir='ltr'><strong>illustrium</strong></span> <span class='ocrx_word' id='word_1_44' title='bbox 436 701 645 768; x_wconf 76' lang='lat' dir='ltr'><strong>disputationes,</strong></span> <span class='ocrx_word' id='word_1_45' title='bbox 658 719 720 770; x_wconf 85' lang='lat' dir='ltr'><strong>quae</strong></span> <span class='ocrx_word' id='word_1_46' title='bbox 730 719 805 755; x_wconf 90' lang='lat' dir='ltr'><strong>nuno</strong></span> <span class='ocrx_word' id='word_1_47' title='bbox 818 719 975 755; x_wconf 87' lang='lat' dir='ltr'><strong>communes</strong></span> <span class='ocrx_word' id='word_1_48' title='bbox 987 702 1079 770; x_wconf 87' lang='lat' dir='ltr'><strong>appel-</strong></span> 
     </span>
     <span class='ocr_line' id='line_1_7' title="bbox 95 777 1079 849; baseline 0.005 -20"><span class='ocrx_word' id='word_1_49' title='bbox 95 777 189 830; x_wconf 74' lang='lat' dir='ltr'><strong>lentur</strong></span> <span class='ocrx_word' id='word_1_50' title='bbox 198 778 257 832; x_wconf 93' lang='lat' dir='ltr'><strong>loci.</strong></span> <span class='ocrx_word' id='word_1_51' title='bbox 303 777 348 836; x_wconf 78' lang='grc'><strong>47.</strong></span> <span class='ocrx_word' id='word_1_52' title='bbox 374 778 454 842; x_wconf 85' lang='lat' dir='ltr'><strong>Quod</strong></span> <span class='ocrx_word' id='word_1_53' title='bbox 467 781 541 833; x_wconf 91' lang='lat' dir='ltr'><strong>idem</strong></span> <span class='ocrx_word' id='word_1_54' title='bbox 553 781 648 833; x_wconf 87' lang='lat' dir='ltr'><strong>fecisse</strong></span> <span class='ocrx_word' id='word_1_55' title='bbox 662 780 799 849; x_wconf 81' lang='lat' dir='ltr'><strong>Gorgiam,</strong></span> <span class='ocrx_word' id='word_1_56' title='bbox 814 798 896 849; x_wconf 90' lang='lat' dir='ltr'><strong>quem</strong></span> <span class='ocrx_word' id='word_1_57' title='bbox 910 781 1079 848; x_wconf 81' lang='lat' dir='ltr'><strong>singularum</strong></span> 
     </span>
     <span class='ocr_line' id='line_1_8' title="bbox 94 859 1079 929; baseline 0.004 -21"><span class='ocrx_word' id='word_1_58' title='bbox 94 874 187 908; x_wconf 90' lang='lat' dir='ltr'><strong>rernm</strong></span> <span class='ocrx_word' id='word_1_59' title='bbox 209 859 303 911; x_wconf 85' lang='lat' dir='ltr'><strong>laudes</strong></span> <span class='ocrx_word' id='word_1_60' title='bbox 328 859 595 928; x_wconf 79' lang='lat' dir='ltr'><strong>vituperationesque</strong></span> <span class='ocrx_word' id='word_1_61' title='bbox 615 861 812 928; x_wconf 72' lang='lat' dir='ltr'><strong>conscripsisse,</strong></span> <span class='ocrx_word' id='word_1_62' title='bbox 842 861 917 929; x_wconf 92' lang='lat' dir='ltr'><strong>quod</strong></span> <span class='ocrx_word' id='word_1_63' title='bbox 940 860 1079 928; x_wconf 87' lang='lat' dir='ltr'><strong>judicaret</strong></span> 
     </span>
     <span class='ocr_line' id='line_1_9' title="bbox 95 935 1080 1008; baseline 0.005 -21"><span class='ocrx_word' id='word_1_64' title='bbox 95 935 148 988; x_wconf 90' lang='lat' dir='ltr'><strong>hoc</strong></span> <span class='ocrx_word' id='word_1_65' title='bbox 160 937 274 989; x_wconf 84' lang='lat' dir='ltr'><strong>oratoris</strong></span> <span class='ocrx_word' id='word_1_66' title='bbox 286 955 344 990; x_wconf 88' lang='lat' dir='ltr'><strong>esse</strong></span> <span class='ocrx_word' id='word_1_67' title='bbox 356 938 475 991; x_wconf 86' lang='lat' dir='ltr'><strong>maxime</strong></span> <span class='ocrx_word' id='word_1_68' title='bbox 487 939 627 1006; x_wconf 89' lang='lat' dir='ltr'><strong>proprium</strong></span> <span class='ocrx_word' id='word_1_69' title='bbox 646 957 705 992; x_wconf 91' lang='lat' dir='ltr'><strong>rem</strong></span> <span class='ocrx_word' id='word_1_70' title='bbox 724 957 822 1008; x_wconf 84' lang='lat' dir='ltr'><strong>augere</strong></span> <span class='ocrx_word' id='word_1_71' title='bbox 842 957 920 1007; x_wconf 85' lang='lat' dir='ltr'><strong>posse</strong></span> <span class='ocrx_word' id='word_1_72' title='bbox 940 939 1080 992; x_wconf 82' lang='lat' dir='ltr'><strong>laudando</strong></span> 
     </span>
     <span class='ocr_line' id='line_1_10' title="bbox 95 1015 1139 1087; baseline 0.003 -20"><span class='ocrx_word' id='word_1_73' title='bbox 95 1015 331 1084; x_wconf 88' lang='lat' dir='ltr'><strong>vituperandoque</strong></span> <span class='ocrx_word' id='word_1_74' title='bbox 344 1034 437 1068; x_wconf 89' lang='lat' dir='ltr'><strong>rursus</strong></span> <span class='ocrx_word' id='word_1_75' title='bbox 450 1019 573 1084; x_wconf 85' lang='lat' dir='ltr'><strong>affligere.</strong></span> <span class='ocrx_word' id='word_1_76' title='bbox 619 1015 693 1071; x_wconf 90' lang='lat' dir='ltr'><strong>Huic</strong></span> <span class='ocrx_word' id='word_1_77' title='bbox 713 1019 916 1087; x_wconf 86' lang='lat' dir='ltr'><strong>Antiphontem</strong></span> <span class='ocrx_word' id='word_1_78' title='bbox 936 1019 1078 1072; x_wconf 83' lang='lat' dir='ltr'><strong>Rhamnu-</strong></span> <span class='ocrx_word' id='word_1_79' title='bbox 1137 1063 1139 1070; x_wconf 94' lang='lat'><strong>.</strong></span> 
     </span>
     <span class='ocr_line' id='line_1_11' title="bbox 96 1095 1080 1166; baseline 0.005 -21"><span class='ocrx_word' id='word_1_80' title='bbox 96 1095 168 1146; x_wconf 89' lang='lat' dir='ltr'><strong>sium</strong></span> <span class='ocrx_word' id='word_1_81' title='bbox 202 1095 301 1148; x_wconf 87' lang='lat' dir='ltr'><strong>similia</strong></span> <span class='ocrx_word' id='word_1_82' title='bbox 337 1097 465 1164; x_wconf 69' lang='lat' dir='ltr'><strong>quaedam</strong></span> <span class='ocrx_word' id='word_1_83' title='bbox 501 1097 628 1150; x_wconf 88' lang='lat' dir='ltr'><strong>habuisse</strong></span> <span class='ocrx_word' id='word_1_84' title='bbox 658 1099 829 1166; x_wconf 80' lang='lat' dir='ltr'><strong>conscripta3</strong></span> <span class='ocrx_word' id='word_1_85' title='bbox 859 1115 914 1166; x_wconf 90' lang='lat' dir='ltr'><strong>quo</strong></span> <span class='ocrx_word' id='word_1_86' title='bbox 940 1099 1080 1150; x_wconf 88' lang='lat' dir='ltr'><strong>neminem</strong></span> 
     </span>
     <span class='ocr_line' id='line_1_12' title="bbox 96 1174 1079 1246; baseline 0.004 -20"><span class='ocrx_word' id='word_1_87' title='bbox 96 1190 220 1240; x_wconf 89' lang='lat' dir='ltr'><strong>unquam</strong></span> <span class='ocrx_word' id='word_1_88' title='bbox 251 1174 348 1228; x_wconf 91' lang='lat' dir='ltr'><strong>melius</strong></span> <span class='ocrx_word' id='word_1_89' title='bbox 372 1175 458 1228; x_wconf 84' lang='lat' dir='ltr'><strong>ullam</strong></span> <span class='ocrx_word' id='word_1_90' title='bbox 484 1177 602 1230; x_wconf 74' lang='lat' dir='ltr'><strong>oravisse</strong></span> <span class='ocrx_word' id='word_1_91' title='bbox 629 1177 726 1245; x_wconf 81' lang='lat' dir='ltr'><strong>capitis</strong></span> <span class='ocrx_word' id='word_1_92' title='bbox 745 1195 864 1243; x_wconf 87' lang='lat' dir='ltr'><strong>causam,</strong></span> <span class='ocrx_word' id='word_1_93' title='bbox 890 1194 953 1230; x_wconf 91' lang='lat' dir='ltr'><strong>cum</strong></span> <span class='ocrx_word' id='word_1_94' title='bbox 973 1194 1001 1230; x_wconf 88' lang='lat' dir='ltr'><strong>se</strong></span> <span class='ocrx_word' id='word_1_95' title='bbox 1021 1177 1079 1246; x_wconf 85' lang='lat' dir='ltr'><strong>ipse</strong></span> 
     </span>
     <span class='ocr_line' id='line_1_13' title="bbox 96 1252 1075 1324; baseline 0.004 -20"><span class='ocrx_word' id='word_1_96' title='bbox 96 1252 256 1306; x_wconf 81' lang='lat' dir='ltr'><strong>defenderet</strong></span> <span class='ocrx_word' id='word_1_97' title='bbox 279 1271 307 1306; x_wconf 88' lang='lat' dir='ltr'><strong>se</strong></span> <span class='ocrx_word' id='word_1_98' title='bbox 330 1254 469 1321; x_wconf 80' lang='lat' dir='ltr'><strong>audiente,</strong></span> <span class='ocrx_word' id='word_1_99' title='bbox 498 1256 619 1324; x_wconf 85' lang='lat' dir='ltr'><strong>locuples</strong></span> <span class='ocrx_word' id='word_1_100' title='bbox 645 1260 740 1309; x_wconf 88' lang='lat' dir='ltr'><strong>auctor</strong></span> <span class='ocrx_word' id='word_1_101' title='bbox 766 1257 874 1324; x_wconf 82' lang='lat' dir='ltr'><strong>scripsit</strong></span> <span class='ocrx_word' id='word_1_102' title='bbox 895 1256 1075 1324; x_wconf 79' lang='lat' dir='ltr'><strong>Thucydides.</strong></span> 
     </span>
     <span class='ocr_line' id='line_1_14' title="bbox 97 1332 1079 1402; baseline 0.005 -19"><span class='ocrx_word' id='word_1_103' title='bbox 97 1333 143 1386; x_wconf 88' lang='grc'><strong>48.</strong></span> <span class='ocrx_word' id='word_1_104' title='bbox 168 1332 243 1384; x_wconf 90' lang='lat' dir='ltr'><strong>Nam</strong></span> <span class='ocrx_word' id='word_1_105' title='bbox 256 1332 366 1400; x_wconf 85' lang='lat' dir='ltr'><strong>Lysiam</strong></span> <span class='ocrx_word' id='word_1_106' title='bbox 389 1335 477 1402; x_wconf 86' lang='lat' dir='ltr'><strong>primo</strong></span> <span class='ocrx_word' id='word_1_107' title='bbox 498 1335 620 1402; x_wconf 89' lang='lat' dir='ltr'><strong>profiteri</strong></span> <span class='ocrx_word' id='word_1_108' title='bbox 639 1335 751 1388; x_wconf 86' lang='lat' dir='ltr'><strong>solitum</strong></span> <span class='ocrx_word' id='word_1_109' title='bbox 771 1339 859 1388; x_wconf 84' lang='lat' dir='ltr'><strong>artem</strong></span> <span class='ocrx_word' id='word_1_110' title='bbox 879 1353 936 1388; x_wconf 82' lang='lat' dir='ltr'><strong>esse</strong></span> <span class='ocrx_word' id='word_1_111' title='bbox 949 1335 1079 1399; x_wconf 87' lang='lat' dir='ltr'><strong>dicendi;</strong></span> 
     </span>
     <span class='ocr_line' id='line_1_15' title="bbox 97 1410 1080 1481; baseline 0.003 -18"><span class='ocrx_word' id='word_1_112' title='bbox 97 1410 204 1478; x_wconf 89' lang='lat' dir='ltr'><strong>deinde,</strong></span> <span class='ocrx_word' id='word_1_113' title='bbox 222 1413 296 1480; x_wconf 90' lang='lat' dir='ltr'><strong>quod</strong></span> <span class='ocrx_word' id='word_1_114' title='bbox 310 1412 467 1466; x_wconf 88' lang='lat' dir='ltr'><strong>Theodorus</strong></span> <span class='ocrx_word' id='word_1_115' title='bbox 487 1418 558 1467; x_wconf 89' lang='lat' dir='ltr'><strong>esset</strong></span> <span class='ocrx_word' id='word_1_116' title='bbox 577 1415 607 1466; x_wconf 92' lang='lat' dir='ltr'><strong>in</strong></span> <span class='ocrx_word' id='word_1_117' title='bbox 629 1418 688 1467; x_wconf 80' lang='lat' dir='ltr'><strong>arte</strong></span> <span class='ocrx_word' id='word_1_118' title='bbox 708 1414 845 1481; x_wconf 79' lang='lat' dir='ltr'><strong>subtilior,</strong></span> <span class='ocrx_word' id='word_1_119' title='bbox 860 1415 890 1466; x_wconf 90' lang='lat' dir='ltr'><strong>in</strong></span> <span class='ocrx_word' id='word_1_120' title='bbox 911 1414 1080 1466; x_wconf 89' lang='lat' dir='ltr'><strong>orationibus</strong></span> 
     </span>
     <span class='ocr_line' id='line_1_16' title="bbox 96 1491 1080 1560; baseline 0.004 -18"><span class='ocrx_word' id='word_1_121' title='bbox 96 1495 190 1542; x_wconf 85' lang='lat' dir='ltr'><strong>antem</strong></span> <span class='ocrx_word' id='word_1_122' title='bbox 206 1491 337 1560; x_wconf 87' lang='lat' dir='ltr'><strong>jejunior,</strong></span> <span class='ocrx_word' id='word_1_123' title='bbox 363 1493 498 1546; x_wconf 77' lang='lat' dir='ltr'><strong>orationes</strong></span> <span class='ocrx_word' id='word_1_124' title='bbox 525 1511 589 1546; x_wconf 91' lang='lat' dir='ltr'><strong>eum</strong></span> <span class='ocrx_word' id='word_1_125' title='bbox 612 1493 727 1546; x_wconf 87' lang='lat' dir='ltr'><strong>scribere</strong></span> <span class='ocrx_word' id='word_1_126' title='bbox 754 1493 814 1546; x_wconf 84' lang='lat' dir='ltr'><strong>aliis</strong></span> <span class='ocrx_word' id='word_1_127' title='bbox 841 1493 963 1560; x_wconf 85' lang='lat' dir='ltr'><strong>coepisse,</strong></span> <span class='ocrx_word' id='word_1_128' title='bbox 992 1496 1080 1546; x_wconf 87' lang='lat' dir='ltr'><strong>artem</strong></span> 
     </span>
     <span class='ocr_line' id='line_1_17' title="bbox 96 1571 1080 1640; baseline 0.004 -20"><span class='ocrx_word' id='word_1_129' title='bbox 96 1571 250 1624; x_wconf 86' lang='lat' dir='ltr'><strong>removisse.</strong></span> <span class='ocrx_word' id='word_1_130' title='bbox 294 1571 426 1624; x_wconf 87' lang='lat' dir='ltr'><strong>Similiter</strong></span> <span class='ocrx_word' id='word_1_131' title='bbox 439 1572 587 1626; x_wconf 87' lang='lat' dir='ltr'><strong>Isocratem</strong></span> <span class='ocrx_word' id='word_1_132' title='bbox 600 1573 688 1640; x_wconf 92' lang='lat' dir='ltr'><strong>primo</strong></span> <span class='ocrx_word' id='word_1_133' title='bbox 701 1577 790 1625; x_wconf 85' lang='lat' dir='ltr'><strong>artem</strong></span> <span class='ocrx_word' id='word_1_134' title='bbox 804 1572 914 1624; x_wconf 88' lang='lat' dir='ltr'><strong>dicendi</strong></span> <span class='ocrx_word' id='word_1_135' title='bbox 927 1589 985 1624; x_wconf 85' lang='lat' dir='ltr'><strong>esse</strong></span> <span class='ocrx_word' id='word_1_136' title='bbox 998 1589 1080 1640; x_wconf 82' lang='lat' dir='ltr'><strong>nega-</strong></span> 
     </span>
     <span class='ocr_line' id='line_1_18' title="bbox 97 1649 1081 1720; baseline 0.004 -20"><span class='ocrx_word' id='word_1_137' title='bbox 97 1649 178 1715; x_wconf 88' lang='lat' dir='ltr'><strong>visse,</strong></span> <span class='ocrx_word' id='word_1_138' title='bbox 194 1650 310 1702; x_wconf 88' lang='lat' dir='ltr'><strong>scribere</strong></span> <span class='ocrx_word' id='word_1_139' title='bbox 323 1655 416 1704; x_wconf 88' lang='lat' dir='ltr'><strong>autem</strong></span> <span class='ocrx_word' id='word_1_140' title='bbox 429 1651 490 1704; x_wconf 87' lang='lat' dir='ltr'><strong>aliis</strong></span> <span class='ocrx_word' id='word_1_141' title='bbox 509 1651 622 1705; x_wconf 88' lang='lat' dir='ltr'><strong>solitum</strong></span> <span class='ocrx_word' id='word_1_142' title='bbox 641 1652 786 1718; x_wconf 89' lang='lat' dir='ltr'><strong>orationes,</strong></span> <span class='ocrx_word' id='word_1_143' title='bbox 802 1652 902 1720; x_wconf 89' lang='lat' dir='ltr'><strong>quibus</strong></span> <span class='ocrx_word' id='word_1_144' title='bbox 921 1651 951 1703; x_wconf 92' lang='lat' dir='ltr'><strong>in</strong></span> <span class='ocrx_word' id='word_1_145' title='bbox 968 1651 1081 1719; x_wconf 88' lang='lat' dir='ltr'><strong>judiciis</strong></span> 
     </span>
     <span class='ocr_line' id='line_1_19' title="bbox 97 1729 1081 1799; baseline 0.004 -19"><span class='ocrx_word' id='word_1_146' title='bbox 97 1732 242 1782; x_wconf 89' lang='lat' dir='ltr'><strong>uterentur</strong></span> <span class='ocrx_word' id='word_1_147' title='bbox 255 1749 262 1794; x_wconf 89' lang='lat'><strong>;</strong></span> <span class='ocrx_word' id='word_1_148' title='bbox 282 1729 330 1782; x_wconf 88' lang='lat' dir='ltr'><strong>sed</strong></span> <span class='ocrx_word' id='word_1_149' title='bbox 344 1747 407 1782; x_wconf 87' lang='lat' dir='ltr'><strong>cum</strong></span> <span class='ocrx_word' id='word_1_150' title='bbox 426 1747 461 1782; x_wconf 84' lang='lat' dir='ltr'><strong>ex</strong></span> <span class='ocrx_word' id='word_1_151' title='bbox 481 1748 523 1798; x_wconf 87' lang='lat' dir='ltr'><strong>eo,</strong></span> <span class='ocrx_word' id='word_1_152' title='bbox 536 1731 614 1798; x_wconf 88' lang='lat' dir='ltr'><strong>qnasi</strong></span> <span class='ocrx_word' id='word_1_153' title='bbox 627 1731 676 1799; x_wconf 92' lang='lat' dir='ltr'><strong>qui</strong></span> <span class='ocrx_word' id='word_1_154' title='bbox 689 1731 872 1784; x_wconf 90' lang='lat' dir='ltr'><strong>committeret</strong></span> <span class='ocrx_word' id='word_1_155' title='bbox 884 1735 980 1784; x_wconf 85' lang='lat' dir='ltr'><strong>contra</strong></span> <span class='ocrx_word' id='word_1_156' title='bbox 993 1732 1081 1798; x_wconf 83' lang='lat' dir='ltr'><strong>legem</strong></span> 
     </span>
     <span class='ocr_line' id='line_1_20' title="bbox 100 1808 1081 1879; baseline 0.003 -19"><span class='ocrx_word' id='word_1_157' title='bbox 100 1810 146 1860; x_wconf 88' lang='lat' dir='ltr'><strong>“a</strong></span> <span class='ocrx_word' id='word_1_158' title='bbox 159 1825 215 1876; x_wconf 91' lang='lat' dir='ltr'><strong>qno</strong></span> <span class='ocrx_word' id='word_1_159' title='bbox 234 1808 295 1877; x_wconf 89' lang='lat' dir='ltr'><strong>quis</strong></span> <span class='ocrx_word' id='word_1_160' title='bbox 311 1808 417 1876; x_wconf 88' lang='lat' dir='ltr'><strong>jndicio</strong></span> <span class='ocrx_word' id='word_1_161' title='bbox 441 1811 688 1877; x_wconf 88' lang='lat' dir='ltr'><strong>circumveniretur,</strong></span> <span class='ocrx_word' id='word_1_162' title='bbox 692 1811 709 1838; x_wconf 89' lang='lat'><strong>&#39;’</strong></span> <span class='ocrx_word' id='word_1_163' title='bbox 729 1827 800 1878; x_wconf 81' lang='lat' dir='ltr'><strong>saepe</strong></span> <span class='ocrx_word' id='word_1_164' title='bbox 820 1811 877 1879; x_wconf 88' lang='lat' dir='ltr'><strong>ipse</strong></span> <span class='ocrx_word' id='word_1_165' title='bbox 897 1810 927 1862; x_wconf 90' lang='lat' dir='ltr'><strong>in</strong></span> <span class='ocrx_word' id='word_1_166' title='bbox 943 1809 1081 1879; x_wconf 87' lang='lat' dir='ltr'><strong>judicium</strong></span> 
     </span>
     <span class='ocr_line' id='line_1_21' title="bbox 98 1888 1081 1958; baseline 0.003 -20"><span class='ocrx_word' id='word_1_167' title='bbox 98 1892 250 1953; x_wconf 85' lang='lat' dir='ltr'><strong>vocaretur,</strong></span> <span class='ocrx_word' id='word_1_168' title='bbox 284 1888 420 1941; x_wconf 89' lang='lat' dir='ltr'><strong>orationes</strong></span> <span class='ocrx_word' id='word_1_169' title='bbox 447 1889 507 1942; x_wconf 87' lang='lat' dir='ltr'><strong>aliis</strong></span> <span class='ocrx_word' id='word_1_170' title='bbox 531 1889 667 1943; x_wconf 88' lang='lat' dir='ltr'><strong>destitisse</strong></span> <span class='ocrx_word' id='word_1_171' title='bbox 690 1890 805 1943; x_wconf 87' lang='lat' dir='ltr'><strong>seribere</strong></span> <span class='ocrx_word' id='word_1_172' title='bbox 826 1893 972 1958; x_wconf 85' lang='lat' dir='ltr'><strong>totumque</strong></span> <span class='ocrx_word' id='word_1_173' title='bbox 996 1906 1024 1941; x_wconf 88' lang='lat' dir='ltr'><strong>se</strong></span> <span class='ocrx_word' id='word_1_174' title='bbox 1044 1889 1081 1942; x_wconf 90' lang='lat' dir='ltr'><strong>ad</strong></span> 
     </span>
     <span class='ocr_line' id='line_1_22' title="bbox 98 1967 576 2034; baseline 0.008 -16"><span class='ocrx_word' id='word_1_175' title='bbox 98 1970 171 2018; x_wconf 85' lang='lat' dir='ltr'><strong>artes</strong></span> <span class='ocrx_word' id='word_1_176' title='bbox 185 1967 385 2034; x_wconf 87' lang='lat' dir='ltr'><strong>componendas</strong></span> <span class='ocrx_word' id='word_1_177' title='bbox 397 1969 576 2022; x_wconf 76' lang='lat' dir='ltr'><strong>transtulisse.</strong></span> 
     </span>
    </p>

    <p class='ocr_par' dir='ltr' id='par_1_3' title="bbox 98 2045 1087 2906">
     <span class='ocr_line' id='line_1_23' title="bbox 138 2045 1082 2116; baseline 0.003 -19"><span class='ocrx_word' id='word_1_178' title='bbox 138 2045 221 2100; x_wconf 91' lang='lat' dir='ltr'><strong>XIII.</strong></span> <span class='ocrx_word' id='word_1_179' title='bbox 268 2047 313 2100; x_wconf 82' lang='lat'><strong>49.</strong></span> <span class='ocrx_word' id='word_1_180' title='bbox 338 2047 376 2099; x_wconf 81' lang='lat' dir='ltr'><strong>Et</strong></span> <span class='ocrx_word' id='word_1_181' title='bbox 389 2047 502 2100; x_wconf 81' lang='lat' dir='ltr'><strong>Graecioe</strong></span> <span class='ocrx_word' id='word_1_182' title='bbox 516 2049 626 2116; x_wconf 90' lang='lat' dir='ltr'><strong>quidem</strong></span> <span class='ocrx_word' id='word_1_183' title='bbox 640 2052 780 2101; x_wconf 87' lang='lat' dir='ltr'><strong>oratorum</strong></span> <span class='ocrx_word' id='word_1_184' title='bbox 792 2051 887 2115; x_wconf 84' lang='lat' dir='ltr'><strong>partus</strong></span> <span class='ocrx_word' id='word_1_185' title='bbox 897 2051 980 2114; x_wconf 86' lang='lat' dir='ltr'><strong>atque</strong></span> <span class='ocrx_word' id='word_1_186' title='bbox 990 2047 1082 2100; x_wconf 86' lang='lat' dir='ltr'><strong>fontes</strong></span> 
     </span>
     <span class='ocr_line' id='line_1_24' title="bbox 99 2125 1083 2192; baseline 0.001 -16"><span class='ocrx_word' id='word_1_187' title='bbox 99 2125 185 2191; x_wconf 89' lang='lat' dir='ltr'><strong>vides,</strong></span> <span class='ocrx_word' id='word_1_188' title='bbox 210 2125 246 2178; x_wconf 88' lang='lat' dir='ltr'><strong>ad</strong></span> <span class='ocrx_word' id='word_1_189' title='bbox 265 2129 423 2178; x_wconf 87' lang='lat' dir='ltr'><strong>nostrorum</strong></span> <span class='ocrx_word' id='word_1_190' title='bbox 442 2127 583 2180; x_wconf 85' lang='lat' dir='ltr'><strong>annalium</strong></span> <span class='ocrx_word' id='word_1_191' title='bbox 606 2127 740 2180; x_wconf 88' lang='lat' dir='ltr'><strong>rationem</strong></span> <span class='ocrx_word' id='word_1_192' title='bbox 764 2130 878 2192; x_wconf 88' lang='lat' dir='ltr'><strong>veteres,</strong></span> <span class='ocrx_word' id='word_1_193' title='bbox 904 2125 968 2178; x_wconf 85' lang='lat' dir='ltr'><strong>ed</strong></span> <span class='ocrx_word' id='word_1_194' title='bbox 961 2141 1083 2192; x_wconf 81' lang='lat' dir='ltr'><strong>ipsorum</strong></span> 
     </span>
     <span class='ocr_line' id='line_1_25' title="bbox 99 2165 1083 2274; baseline 0 -19"><span class='ocrx_word' id='word_1_195' title='bbox 99 2219 164 2256; x_wconf 89' lang='lat' dir='ltr'><strong>sane</strong></span> <span class='ocrx_word' id='word_1_196' title='bbox 187 2208 315 2257; x_wconf 85' lang='lat' dir='ltr'><strong>recentes.</strong></span> <span class='ocrx_word' id='word_1_197' title='bbox 368 2205 443 2258; x_wconf 89' lang='lat' dir='ltr'><strong>Nam</strong></span> <span class='ocrx_word' id='word_1_198' title='bbox 468 2211 617 2274; x_wconf 86' lang='lat' dir='ltr'><strong>antequam</strong></span> <span class='ocrx_word' id='word_1_199' title='bbox 643 2206 778 2258; x_wconf 86' lang='lat' dir='ltr'><strong>delectata</strong></span> <span class='ocrx_word' id='word_1_200' title='bbox 804 2209 846 2256; x_wconf 89' lang='lat' dir='ltr'><strong>est</strong></span> <span class='ocrx_word' id='word_1_201' title='bbox 870 2165 1083 2256; x_wconf 88' lang='lat' dir='ltr'><strong>Atheniensium</strong></span> 
     </span>
     <span class='ocr_line' id='line_1_26' title="bbox 99 2283 1081 2352; baseline -0.002 -16"><span class='ocrx_word' id='word_1_202' title='bbox 99 2283 197 2336; x_wconf 83' lang='lat' dir='ltr'><strong>civitas</strong></span> <span class='ocrx_word' id='word_1_203' title='bbox 209 2283 261 2336; x_wconf 87' lang='lat' dir='ltr'><strong>hac</strong></span> <span class='ocrx_word' id='word_1_204' title='bbox 273 2283 355 2336; x_wconf 88' lang='lat' dir='ltr'><strong>laude</strong></span> <span class='ocrx_word' id='word_1_205' title='bbox 369 2285 486 2352; x_wconf 88' lang='lat' dir='ltr'><strong>dicendi,</strong></span> <span class='ocrx_word' id='word_1_206' title='bbox 502 2285 590 2338; x_wconf 90' lang='lat' dir='ltr'><strong>multa</strong></span> <span class='ocrx_word' id='word_1_207' title='bbox 600 2285 659 2352; x_wconf 86' lang='lat' dir='ltr'><strong>jam</strong></span> <span class='ocrx_word' id='word_1_208' title='bbox 673 2283 859 2337; x_wconf 86' lang='lat' dir='ltr'><strong>memorabilia</strong></span> <span class='ocrx_word' id='word_1_209' title='bbox 878 2287 907 2335; x_wconf 89' lang='lat' dir='ltr'><strong>et</strong></span> <span class='ocrx_word' id='word_1_210' title='bbox 926 2283 957 2335; x_wconf 87' lang='lat' dir='ltr'><strong>irr</strong></span> <span class='ocrx_word' id='word_1_211' title='bbox 976 2283 1081 2335; x_wconf 85' lang='lat' dir='ltr'><strong>domes-</strong></span> 
     </span>
     <span class='ocr_line' id='line_1_27' title="bbox 99 2362 1083 2429; baseline 0 -15"><span class='ocrx_word' id='word_1_212' title='bbox 99 2362 161 2414; x_wconf 89' lang='lat' dir='ltr'><strong>ticis</strong></span> <span class='ocrx_word' id='word_1_213' title='bbox 175 2367 204 2414; x_wconf 87' lang='lat' dir='ltr'><strong>et</strong></span> <span class='ocrx_word' id='word_1_214' title='bbox 216 2362 246 2414; x_wconf 91' lang='lat' dir='ltr'><strong>in</strong></span> <span class='ocrx_word' id='word_1_215' title='bbox 260 2363 363 2416; x_wconf 88' lang='lat' dir='ltr'><strong>bellicis</strong></span> <span class='ocrx_word' id='word_1_216' title='bbox 376 2363 457 2416; x_wconf 86' lang='lat' dir='ltr'><strong>rebus</strong></span> <span class='ocrx_word' id='word_1_217' title='bbox 471 2365 596 2418; x_wconf 87' lang='lat' dir='ltr'><strong>effecerat</strong></span> <span class='ocrx_word' id='word_1_218' title='bbox 610 2385 617 2429; x_wconf 91' lang='lat'>;</span> <span class='ocrx_word' id='word_1_219' title='bbox 637 2365 689 2417; x_wconf 89' lang='lat' dir='ltr'><strong>hoc</strong></span> <span class='ocrx_word' id='word_1_220' title='bbox 702 2368 796 2416; x_wconf 87' lang='lat' dir='ltr'><strong>autem</strong></span> <span class='ocrx_word' id='word_1_221' title='bbox 809 2362 934 2416; x_wconf 87' lang='lat' dir='ltr'><strong>studium</strong></span> <span class='ocrx_word' id='word_1_222' title='bbox 947 2379 1005 2414; x_wconf 90' lang='lat' dir='ltr'><strong>non</strong></span> <span class='ocrx_word' id='word_1_223' title='bbox 1025 2366 1083 2415; x_wconf 87' lang='lat' dir='ltr'><strong>eret</strong></span> 
     </span>
     <span class='ocr_line' id='line_1_28' title="bbox 99 2440 1085 2511; baseline 0 -17"><span class='ocrx_word' id='word_1_224' title='bbox 99 2457 243 2494; x_wconf 89' lang='lat' dir='ltr'><strong>commune</strong></span> <span class='ocrx_word' id='word_1_225' title='bbox 264 2441 385 2508; x_wconf 82' lang='lat' dir='ltr'><strong>Graeoiee,</strong></span> <span class='ocrx_word' id='word_1_226' title='bbox 408 2443 456 2495; x_wconf 88' lang='lat' dir='ltr'><strong>sed</strong></span> <span class='ocrx_word' id='word_1_227' title='bbox 476 2444 615 2511; x_wconf 90' lang='lat' dir='ltr'><strong>proprium</strong></span> <span class='ocrx_word' id='word_1_228' title='bbox 634 2444 813 2496; x_wconf 83' lang='lat' dir='ltr'><strong>Athenarum.</strong></span> <span class='ocrx_word' id='word_1_229' title='bbox 859 2444 904 2495; x_wconf 83' lang='lat'><strong>50.</strong></span> <span class='ocrx_word' id='word_1_230' title='bbox 930 2440 997 2505; x_wconf 81' lang='lat' dir='ltr'><strong>Quis</strong></span> <span class='ocrx_word' id='word_1_231' title='bbox 1011 2441 1085 2494; x_wconf 89' lang='lat' dir='ltr'><strong>enim</strong></span> 
     </span>
     <span class='ocr_line' id='line_1_29' title="bbox 98 2520 1085 2587; baseline 0 -15"><span class='ocrx_word' id='word_1_232' title='bbox 98 2525 150 2572; x_wconf 90' lang='lat' dir='ltr'><strong>aut</strong></span> <span class='ocrx_word' id='word_1_233' title='bbox 177 2521 311 2587; x_wconf 82' lang='lat' dir='ltr'><strong>Argivum</strong></span> <span class='ocrx_word' id='word_1_234' title='bbox 337 2526 473 2574; x_wconf 86' lang='lat' dir='ltr'><strong>oratorem</strong></span> <span class='ocrx_word' id='word_1_235' title='bbox 499 2527 548 2575; x_wconf 87' lang='lat' dir='ltr'><strong>aut</strong></span> <span class='ocrx_word' id='word_1_236' title='bbox 570 2522 743 2576; x_wconf 78' lang='lat' dir='ltr'><strong>Corinthium</strong></span> <span class='ocrx_word' id='word_1_237' title='bbox 766 2525 815 2574; x_wconf 86' lang='lat' dir='ltr'><strong>ant</strong></span> <span class='ocrx_word' id='word_1_238' title='bbox 839 2521 1000 2573; x_wconf 84' lang='lat' dir='ltr'><strong>Thebanum</strong></span> <span class='ocrx_word' id='word_1_239' title='bbox 1033 2520 1085 2572; x_wconf 89' lang='lat' dir='ltr'><strong>soit</strong></span> 
     </span>
     <span class='ocr_line' id='line_1_30' title="bbox 99 2598 1080 2669; baseline -0.001 -18"><span class='ocrx_word' id='word_1_240' title='bbox 99 2599 184 2651; x_wconf 80' lang='lat' dir='ltr'><strong>fuisse</strong></span> <span class='ocrx_word' id='word_1_241' title='bbox 197 2600 365 2667; x_wconf 86' lang='lat' dir='ltr'><strong>temporibus</strong></span> <span class='ocrx_word' id='word_1_242' title='bbox 378 2601 448 2654; x_wconf 80' lang='lat' dir='ltr'><strong>illisl</strong></span> <span class='ocrx_word' id='word_1_243' title='bbox 460 2601 514 2652; x_wconf 89' lang='lat' dir='ltr'><strong>nisi</strong></span> <span class='ocrx_word' id='word_1_244' title='bbox 527 2601 595 2669; x_wconf 92' lang='lat' dir='ltr'><strong>quid</strong></span> <span class='ocrx_word' id='word_1_245' title='bbox 608 2601 643 2654; x_wconf 90' lang='lat' dir='ltr'><strong>de</strong></span> <span class='ocrx_word' id='word_1_246' title='bbox 657 2599 856 2669; x_wconf 87' lang='lat' dir='ltr'><strong>Epaminonda,</strong></span> <span class='ocrx_word' id='word_1_247' title='bbox 869 2600 951 2652; x_wconf 90' lang='lat' dir='ltr'><strong>docto</strong></span> <span class='ocrx_word' id='word_1_248' title='bbox 962 2598 1080 2664; x_wconf 88' lang='lat' dir='ltr'><strong>homine,</strong></span> 
     </span>
     <span class='ocr_line' id='line_1_31' title="bbox 100 2678 1085 2746; baseline -0.002 -16"><span class='ocrx_word' id='word_1_249' title='bbox 100 2679 231 2746; x_wconf 88' lang='lat' dir='ltr'><strong>suspicari</strong></span> <span class='ocrx_word' id='word_1_250' title='bbox 256 2679 331 2733; x_wconf 85' lang='lat' dir='ltr'><strong>libet.</strong></span> <span class='ocrx_word' id='word_1_251' title='bbox 389 2679 626 2734; x_wconf 82' lang='lat' dir='ltr'><strong>Lacedaemonium</strong></span> <span class='ocrx_word' id='word_1_252' title='bbox 647 2697 711 2733; x_wconf 91' lang='lat' dir='ltr'><strong>vero</strong></span> <span class='ocrx_word' id='word_1_253' title='bbox 735 2696 822 2746; x_wconf 86' lang='lat' dir='ltr'><strong>usque</strong></span> <span class='ocrx_word' id='word_1_254' title='bbox 843 2678 879 2731; x_wconf 85' lang='lat' dir='ltr'><strong>ed</strong></span> <span class='ocrx_word' id='word_1_255' title='bbox 900 2679 952 2730; x_wconf 92' lang='lat' dir='ltr'><strong>hoc</strong></span> <span class='ocrx_word' id='word_1_256' title='bbox 974 2681 1085 2744; x_wconf 88' lang='lat' dir='ltr'><strong>tempus</strong></span> 
     </span>
     <span class='ocr_line' id='line_1_32' title="bbox 100 2755 1086 2827; baseline -0.002 -18"><span class='ocrx_word' id='word_1_257' title='bbox 100 2757 195 2810; x_wconf 85' lang='lat' dir='ltr'><strong>audivi</strong></span> <span class='ocrx_word' id='word_1_258' title='bbox 208 2757 291 2810; x_wconf 90' lang='lat' dir='ltr'><strong>fuisse</strong></span> <span class='ocrx_word' id='word_1_259' title='bbox 305 2757 450 2812; x_wconf 89' lang='lat' dir='ltr'><strong>neminem.</strong></span> <span class='ocrx_word' id='word_1_260' title='bbox 481 2759 637 2812; x_wconf 77' lang='lat' dir='ltr'><strong>Menelaum</strong></span> <span class='ocrx_word' id='word_1_261' title='bbox 652 2759 752 2827; x_wconf 89' lang='lat' dir='ltr'><strong>ipsum,</strong></span> <span class='ocrx_word' id='word_1_262' title='bbox 768 2757 876 2810; x_wconf 89' lang='lat' dir='ltr'><strong>dulcem</strong></span> <span class='ocrx_word' id='word_1_263' title='bbox 883 2756 963 2808; x_wconf 93' lang='lat' dir='ltr'><strong>illum</strong></span> <span class='ocrx_word' id='word_1_264' title='bbox 973 2755 1086 2823; x_wconf 90' lang='lat' dir='ltr'><strong>quidem</strong></span> 
     </span>
     <span class='ocr_line' id='line_1_33' title="bbox 100 2835 1087 2906; baseline -0.002 -18"><span class='ocrx_word' id='word_1_265' title='bbox 100 2837 188 2889; x_wconf 82' lang='lat' dir='ltr'><strong>tradit</strong></span> <span class='ocrx_word' id='word_1_266' title='bbox 202 2836 349 2904; x_wconf 87' lang='lat' dir='ltr'><strong>Homerus,</strong></span> <span class='ocrx_word' id='word_1_267' title='bbox 365 2838 413 2890; x_wconf 87' lang='lat' dir='ltr'><strong>sed</strong></span> <span class='ocrx_word' id='word_1_268' title='bbox 427 2855 513 2906; x_wconf 84' lang='lat' dir='ltr'><strong>panca</strong></span> <span class='ocrx_word' id='word_1_269' title='bbox 527 2838 682 2902; x_wconf 68' lang='lat' dir='ltr'><strong>dicentem</strong></span> <span class='ocrx_word' id='word_1_270' title='bbox 706 2836 826 2889; x_wconf 80' lang='lat' dir='ltr'><strong>brevitas</strong></span> <span class='ocrx_word' id='word_1_271' title='bbox 849 2839 942 2888; x_wconf 88' lang='lat' dir='ltr'><strong>autem</strong></span> <span class='ocrx_word' id='word_1_272' title='bbox 965 2835 1025 2888; x_wconf 88' lang='lat' dir='ltr'><strong>laus</strong></span> <span class='ocrx_word' id='word_1_273' title='bbox 1045 2839 1087 2888; x_wconf 87' lang='lat' dir='ltr'><strong>est</strong></span> 
     </span>
    </p>
   </div>
   <div class='ocr_carea' id='block_1_3' title="bbox 4 2913 1087 2984">
    <p class='ocr_par' dir='ltr' id='par_1_4' title="bbox 4 2913 1087 2984">
     <span class='ocr_line' id='line_1_34' title="bbox 4 2913 1087 2984; baseline -0.002 -16"><span class='ocrx_word' id='word_1_274' title='bbox 4 2971 5 2984; x_wconf 16' lang='grc' dir='ltr'><strong>ἶ</strong></span> <span class='ocrx_word' id='word_1_275' title='bbox 100 2915 242 2970; x_wconf 89' lang='lat' dir='ltr'><strong>interdum</strong></span> <span class='ocrx_word' id='word_1_276' title='bbox 255 2915 285 2968; x_wconf 90' lang='lat' dir='ltr'><strong>in</strong></span> <span class='ocrx_word' id='word_1_277' title='bbox 298 2917 390 2984; x_wconf 87' lang='lat' dir='ltr'><strong>aliqua</strong></span> <span class='ocrx_word' id='word_1_278' title='bbox 403 2922 481 2984; x_wconf 85' lang='lat' dir='ltr'><strong>parte</strong></span> <span class='ocrx_word' id='word_1_279' title='bbox 495 2917 612 2983; x_wconf 91' lang='lat' dir='ltr'><strong>dicendi,</strong></span> <span class='ocrx_word' id='word_1_280' title='bbox 628 2917 655 2969; x_wconf 93' lang='lat' dir='ltr'><strong>in</strong></span> <span class='ocrx_word' id='word_1_281' title='bbox 670 2916 798 2969; x_wconf 88' lang='lat' dir='ltr'><strong>universa</strong></span> <span class='ocrx_word' id='word_1_282' title='bbox 811 2913 1087 2982; x_wconf 84' lang='lat' dir='ltr'><strong>eloquentialaudem</strong></span> 
     </span>
    </p>
   </div>
   <div class='ocr_carea' id='block_1_4' title="bbox 100 2993 1139 3838">
    <p class='ocr_par' dir='ltr' id='par_1_5' title="bbox 100 2993 1139 3838">
     <span class='ocr_line' id='line_1_35' title="bbox 100 2993 1139 3062; baseline -0.002 -16"><span class='ocrx_word' id='word_1_283' title='bbox 100 2995 262 3048; x_wconf 87' lang='lat' dir='ltr'><strong>nonhabet.</strong></span> <span class='ocrx_word' id='word_1_284' title='bbox 308 2997 355 3048; x_wconf 76' lang='lat'><strong>51.</strong></span> <span class='ocrx_word' id='word_1_285' title='bbox 379 2999 418 3048; x_wconf 85' lang='lat' dir='ltr'><strong>At</strong></span> <span class='ocrx_word' id='word_1_286' title='bbox 433 3013 495 3048; x_wconf 90' lang='lat' dir='ltr'><strong>vero</strong></span> <span class='ocrx_word' id='word_1_287' title='bbox 509 3001 588 3048; x_wconf 87' lang='lat' dir='ltr'><strong>extra</strong></span> <span class='ocrx_word' id='word_1_288' title='bbox 601 2995 735 3048; x_wconf 83' lang='lat' dir='ltr'><strong>Graeciam</strong></span> <span class='ocrx_word' id='word_1_289' title='bbox 747 3011 846 3062; x_wconf 82' lang='lat' dir='ltr'><strong>magna</strong></span> <span class='ocrx_word' id='word_1_290' title='bbox 866 2993 976 3046; x_wconf 90' lang='lat' dir='ltr'><strong>dicendi</strong></span> <span class='ocrx_word' id='word_1_291' title='bbox 996 2993 1087 3045; x_wconf 78' lang='lat' dir='ltr'><strong>studia</strong></span> <span class='ocrx_word' id='word_1_292' title='bbox 1137 3057 1139 3060; x_wconf 21' lang='grc' dir='ltr'>Ι</span> 
     </span>
     <span class='ocr_line' id='line_1_36' title="bbox 101 3072 1087 3142; baseline -0.003 -16"><span class='ocrx_word' id='word_1_293' title='bbox 101 3073 227 3140; x_wconf 85' lang='lat' dir='ltr'><strong>fuerunt,</strong></span> <span class='ocrx_word' id='word_1_294' title='bbox 243 3075 410 3142; x_wconf 83' lang='lat' dir='ltr'><strong>maximique</strong></span> <span class='ocrx_word' id='word_1_295' title='bbox 424 3075 488 3128; x_wconf 90' lang='lat' dir='ltr'><strong>huic</strong></span> <span class='ocrx_word' id='word_1_296' title='bbox 501 3075 577 3128; x_wconf 90' lang='lat' dir='ltr'><strong>laudi</strong></span> <span class='ocrx_word' id='word_1_297' title='bbox 590 3074 679 3127; x_wconf 88' lang='lat' dir='ltr'><strong>habiti</strong></span> <span class='ocrx_word' id='word_1_298' title='bbox 691 3074 807 3126; x_wconf 84' lang='lat' dir='ltr'><strong>honores</strong></span> <span class='ocrx_word' id='word_1_299' title='bbox 819 3072 926 3126; x_wconf 87' lang='lat' dir='ltr'><strong>illustre</strong></span> <span class='ocrx_word' id='word_1_300' title='bbox 947 3075 1087 3124; x_wconf 89' lang='lat' dir='ltr'><strong>oratorum</strong></span> 
     </span>
     <span class='ocr_line' id='line_1_37' title="bbox 101 3151 1088 3220; baseline -0.002 -16"><span class='ocrx_word' id='word_1_301' title='bbox 101 3169 204 3204; x_wconf 90' lang='lat' dir='ltr'><strong>nomen</strong></span> <span class='ocrx_word' id='word_1_302' title='bbox 217 3153 403 3206; x_wconf 87' lang='lat' dir='ltr'><strong>reddiderunt.</strong></span> <span class='ocrx_word' id='word_1_303' title='bbox 448 3154 477 3206; x_wconf 89' lang='lat' dir='ltr'>N</span> <span class='ocrx_word' id='word_1_304' title='bbox 478 3172 522 3206; x_wconf 90' lang='lat' dir='ltr'><strong>am</strong></span> <span class='ocrx_word' id='word_1_305' title='bbox 536 3159 569 3206; x_wconf 91' lang='lat' dir='ltr'><strong>nt</strong></span> <span class='ocrx_word' id='word_1_306' title='bbox 581 3153 665 3206; x_wconf 89' lang='lat' dir='ltr'><strong>semel</strong></span> <span class='ocrx_word' id='word_1_307' title='bbox 678 3171 693 3205; x_wconf 93' lang='lat' dir='ltr'><strong>e</strong></span> <span class='ocrx_word' id='word_1_308' title='bbox 707 3154 810 3206; x_wconf 79' lang='lat' dir='ltr'><strong>Piraeeo</strong></span> <span class='ocrx_word' id='word_1_309' title='bbox 824 3151 980 3220; x_wconf 87' lang='lat' dir='ltr'><strong>eloquentia</strong></span> <span class='ocrx_word' id='word_1_310' title='bbox 993 3153 1088 3204; x_wconf 87' lang='lat' dir='ltr'><strong>evecta</strong></span> 
     </span>
     <span class='ocr_line' id='line_1_38' title="bbox 102 3228 1090 3300; baseline -0.002 -18"><span class='ocrx_word' id='word_1_311' title='bbox 102 3236 154 3298; x_wconf 87' lang='lat' dir='ltr'><strong>est,</strong></span> <span class='ocrx_word' id='word_1_312' title='bbox 170 3249 264 3284; x_wconf 90' lang='lat' dir='ltr'><strong>omnes</strong></span> <span class='ocrx_word' id='word_1_313' title='bbox 288 3233 441 3300; x_wconf 83' lang='lat' dir='ltr'><strong>peragravit</strong></span> <span class='ocrx_word' id='word_1_314' title='bbox 462 3233 564 3286; x_wconf 78' lang='lat' dir='ltr'><strong>uunlas</strong></span> <span class='ocrx_word' id='word_1_315' title='bbox 587 3237 671 3300; x_wconf 86' lang='lat' dir='ltr'><strong>atque</strong></span> <span class='ocrx_word' id='word_1_316' title='bbox 694 3232 735 3286; x_wconf 87' lang='lat' dir='ltr'><strong>ita</strong></span> <span class='ocrx_word' id='word_1_317' title='bbox 757 3231 928 3300; x_wconf 83' lang='lat' dir='ltr'><strong>peregrinata</strong></span> <span class='ocrx_word' id='word_1_318' title='bbox 948 3233 1009 3282; x_wconf 89' lang='lat' dir='ltr'><strong>tota</strong></span> <span class='ocrx_word' id='word_1_319' title='bbox 1023 3228 1090 3280; x_wconf 88' lang='lat' dir='ltr'><strong>Asia</strong></span> 
     </span>
     <span class='ocr_line' id='line_1_39' title="bbox 103 3307 1089 3378; baseline -0.004 -16"><span class='ocrx_word' id='word_1_320' title='bbox 103 3315 153 3376; x_wconf 84' lang='lat' dir='ltr'><strong>est,</strong></span> <span class='ocrx_word' id='word_1_321' title='bbox 171 3314 205 3362; x_wconf 88' lang='lat' dir='ltr'><strong>ut</strong></span> <span class='ocrx_word' id='word_1_322' title='bbox 217 3327 246 3362; x_wconf 89' lang='lat' dir='ltr'><strong>se</strong></span> <span class='ocrx_word' id='word_1_323' title='bbox 260 3313 380 3364; x_wconf 79' lang='lat' dir='ltr'><strong>externis</strong></span> <span class='ocrx_word' id='word_1_324' title='bbox 394 3312 526 3364; x_wconf 89' lang='lat' dir='ltr'><strong>oblineret</strong></span> <span class='ocrx_word' id='word_1_325' title='bbox 546 3312 667 3364; x_wconf 87' lang='lat' dir='ltr'><strong>moribus</strong></span> <span class='ocrx_word' id='word_1_326' title='bbox 687 3327 851 3378; x_wconf 87' lang='lat' dir='ltr'><strong>omnemque</strong></span> <span class='ocrx_word' id='word_1_327' title='bbox 875 3309 951 3362; x_wconf 87' lang='lat' dir='ltr'><strong>illam</strong></span> <span class='ocrx_word' id='word_1_328' title='bbox 975 3307 1089 3360; x_wconf 91' lang='lat' dir='ltr'><strong>salubri·</strong></span> 
     </span>
     <span class='ocr_line' id='line_1_40' title="bbox 103 3385 1090 3458; baseline -0.005 -16"><span class='ocrx_word' id='word_1_329' title='bbox 103 3393 192 3442; x_wconf 86' lang='lat' dir='ltr'><strong>tatem</strong></span> <span class='ocrx_word' id='word_1_330' title='bbox 215 3390 317 3442; x_wconf 73' lang='lat' dir='ltr'><strong>Attica</strong></span> <span class='ocrx_word' id='word_1_331' title='bbox 340 3391 467 3442; x_wconf 90' lang='lat' dir='ltr'><strong>dictionis</strong></span> <span class='ocrx_word' id='word_1_332' title='bbox 489 3396 517 3443; x_wconf 91' lang='lat' dir='ltr'><strong>et</strong></span> <span class='ocrx_word' id='word_1_333' title='bbox 541 3391 620 3458; x_wconf 89' lang='lat' dir='ltr'><strong>quasi</strong></span> <span class='ocrx_word' id='word_1_334' title='bbox 641 3391 787 3443; x_wconf 88' lang='lat' dir='ltr'><strong>sanitatem</strong></span> <span class='ocrx_word' id='word_1_335' title='bbox 809 3387 934 3456; x_wconf 88' lang='lat' dir='ltr'><strong>perderet</strong></span> <span class='ocrx_word' id='word_1_336' title='bbox 957 3403 989 3438; x_wconf 91' lang='lat' dir='ltr'><strong>ac</strong></span> <span class='ocrx_word' id='word_1_337' title='bbox 1012 3385 1090 3453; x_wconf 90' lang='lat' dir='ltr'><strong>loqui</strong></span> 
     </span>
     <span class='ocr_line' id='line_1_41' title="bbox 104 3465 1090 3536; baseline -0.004 -16"><span class='ocrx_word' id='word_1_338' title='bbox 104 3485 184 3536; x_wconf 85' lang='lat' dir='ltr'><strong>paene</strong></span> <span class='ocrx_word' id='word_1_339' title='bbox 211 3469 369 3522; x_wconf 86' lang='lat' dir='ltr'><strong>dedisceret.</strong></span> <span class='ocrx_word' id='word_1_340' title='bbox 424 3470 499 3522; x_wconf 86' lang='lat' dir='ltr'><strong>Hinc</strong></span> <span class='ocrx_word' id='word_1_341' title='bbox 525 3469 641 3522; x_wconf 83' lang='lat' dir='ltr'><strong>Asiatici</strong></span> <span class='ocrx_word' id='word_1_342' title='bbox 666 3473 787 3522; x_wconf 87' lang='lat' dir='ltr'><strong>oratores</strong></span> <span class='ocrx_word' id='word_1_343' title='bbox 813 3484 870 3518; x_wconf 89' lang='lat' dir='ltr'><strong>non</strong></span> <span class='ocrx_word' id='word_1_344' title='bbox 898 3465 1090 3518; x_wconf 84' lang='lat' dir='ltr'><strong>contemnendi</strong></span> 
     </span>
     <span class='ocr_line' id='line_1_42' title="bbox 105 3542 1088 3616; baseline -0.006 -16"><span class='ocrx_word' id='word_1_345' title='bbox 105 3547 218 3614; x_wconf 89' lang='lat' dir='ltr'><strong>quidem</strong></span> <span class='ocrx_word' id='word_1_346' title='bbox 241 3565 292 3600; x_wconf 91' lang='lat' dir='ltr'><strong>nee</strong></span> <span class='ocrx_word' id='word_1_347' title='bbox 316 3549 453 3601; x_wconf 87' lang='lat' dir='ltr'><strong>celeritate</strong></span> <span class='ocrx_word' id='word_1_348' title='bbox 476 3567 526 3600; x_wconf 91' lang='lat' dir='ltr'><strong>nec</strong></span> <span class='ocrx_word' id='word_1_349' title='bbox 548 3549 633 3616; x_wconf 87' lang='lat' dir='ltr'><strong>copia,</strong></span> <span class='ocrx_word' id='word_1_350' title='bbox 657 3547 705 3600; x_wconf 91' lang='lat' dir='ltr'><strong>sed</strong></span> <span class='ocrx_word' id='word_1_351' title='bbox 728 3563 824 3614; x_wconf 90' lang='lat' dir='ltr'><strong>parum</strong></span> <span class='ocrx_word' id='word_1_352' title='bbox 851 3545 936 3612; x_wconf 88' lang='lat' dir='ltr'><strong>pressi</strong></span> <span class='ocrx_word' id='word_1_353' title='bbox 959 3547 987 3595; x_wconf 93' lang='lat' dir='ltr'><strong>et</strong></span> <span class='ocrx_word' id='word_1_354' title='bbox 1007 3542 1088 3594; x_wconf 69' lang='lat' dir='ltr'><strong>nimir</strong></span> 
     </span>
     <span class='ocr_line' id='line_1_43' title="bbox 104 3621 1064 3691; baseline -0.004 -13"><span class='ocrx_word' id='word_1_355' title='bbox 104 3626 293 3679; x_wconf 86' lang='lat' dir='ltr'><strong>redundantes</strong></span> <span class='ocrx_word' id='word_1_356' title='bbox 307 3647 314 3691; x_wconf 87' lang='lat'>;</span> <span class='ocrx_word' id='word_1_357' title='bbox 328 3627 431 3680; x_wconf 84' lang='lat' dir='ltr'><strong>Rhodii</strong></span> <span class='ocrx_word' id='word_1_358' title='bbox 444 3629 564 3680; x_wconf 89' lang='lat' dir='ltr'><strong>saniores</strong></span> <span class='ocrx_word' id='word_1_359' title='bbox 578 3631 606 3679; x_wconf 90' lang='lat' dir='ltr'><strong>et</strong></span> <span class='ocrx_word' id='word_1_360' title='bbox 619 3627 776 3678; x_wconf 87' lang='lat' dir='ltr'><strong>Atticorum</strong></span> <span class='ocrx_word' id='word_1_361' title='bbox 790 3623 938 3676; x_wconf 87' lang='lat' dir='ltr'><strong>similiores.</strong></span> <span class='ocrx_word' id='word_1_362' title='bbox 972 3625 1017 3675; x_wconf 79' lang='grc'><strong>52.</strong></span> <span class='ocrx_word' id='word_1_363' title='bbox 1036 3621 1064 3674; x_wconf 73' lang='lat' dir='ltr'><strong>S&lt;</strong></span> 
     </span>
     <span class='ocr_line' id='line_1_44' title="bbox 106 3701 1050 3771; baseline -0.005 -13"><span class='ocrx_word' id='word_1_364' title='bbox 106 3705 141 3758; x_wconf 85' lang='lat' dir='ltr'><strong>de</strong></span> <span class='ocrx_word' id='word_1_365' title='bbox 166 3706 269 3758; x_wconf 82' lang='lat' dir='ltr'><strong>Graeois</strong></span> <span class='ocrx_word' id='word_1_366' title='bbox 292 3705 439 3770; x_wconf 88' lang='lat' dir='ltr'><strong>hactenus;</strong></span> <span class='ocrx_word' id='word_1_367' title='bbox 463 3711 491 3759; x_wconf 86' lang='lat' dir='ltr'><strong>et</strong></span> <span class='ocrx_word' id='word_1_368' title='bbox 515 3707 589 3758; x_wconf 88' lang='lat' dir='ltr'><strong>enim</strong></span> <span class='ocrx_word' id='word_1_369' title='bbox 611 3705 670 3757; x_wconf 84' lang='lat' dir='ltr'><strong>hoec</strong></span> <span class='ocrx_word' id='word_1_370' title='bbox 695 3704 754 3771; x_wconf 89' lang='lat' dir='ltr'><strong>ipsa</strong></span> <span class='ocrx_word' id='word_1_371' title='bbox 774 3703 890 3757; x_wconf 87' lang='lat' dir='ltr'><strong>forsitan</strong></span> <span class='ocrx_word' id='word_1_372' title='bbox 909 3701 1014 3755; x_wconf 78' lang='lat' dir='ltr'><strong>inerint</strong></span> <span class='ocrx_word' id='word_1_373' title='bbox 1033 3719 1050 3753; x_wconf 90' lang='lat' dir='ltr'><strong>n</strong></span> 
     </span>
     <span class='ocr_line' id='line_1_45' title="bbox 108 3801 264 3838; baseline 0.013 -2"><span class='ocrx_word' id='word_1_374' title='bbox 108 3801 264 3838; x_wconf 79' lang='lat' dir='ltr'><strong>necessaria.</strong></span> 
     </span>
    </p>
   </div>
   <div class='ocr_carea' id='block_1_5' title="bbox 0 0 1234 4164">
    <p class='ocr_par' dir='ltr' id='par_1_6' title="bbox 0 0 1234 4164">
     <span class='ocr_line' id='line_1_46' title="bbox 0 0 1234 4164; baseline 0 0"><span class='ocrx_word' id='word_1_375' title='bbox 0 0 1234 4164; x_wconf 95' lang='lat' dir='ltr'><strong> </strong></span> 
     </span>
    </p>
   </div>
  </div>
 </body>
</html>
