2436 4164
165 264 202 334 88
472 291 507 332 u.
529 289 638 330 runnu
660 280 831 330 oraremus
853 319 856 322 .

163 432 215 484 hoe
229 431 343 484 sensisse
358 450 364 483 :
385 430 590 498 quoquomodo
600 429 673 482 filius
683 445 739 481 non
750 433 829 494 esset,
843 428 931 496 quiin
942 445 1020 481 suam
1030 427 1150 481 tutelam

166 511 281 576 renuet,
297 511 354 563 siae
368 527 424 562 non
438 513 520 562 natus
534 509 591 561 sive
600 512 665 560 ante
675 512 807 574 mortuus,
822 502 921 560 Uirrius
931 508 1009 560 heres
1018 511 1053 560 ut
1061 511 1133 560 esset
1143 527 1149 570 ;
1206 539 1207 548 κ

163 589 203 641 ita
211 589 327 642 scribere
335 589 478 657 plerosque
489 593 518 640 et
527 586 805 639 idvalereetvaluisse
814 603 925 653 semper.
950 586 1150 639 Haecetmulta
1206 579 1207 652 l

164 668 299 734 ejusmodi
309 667 492 719 dioensfidem
500 666 632 718 faciebat:
647 665 721 732 quod
732 669 774 716 est
788 681 823 716 ex
831 665 921 718 tribus
929 665 1045 718 oratoris
1053 665 1149 718 officiis

150 746 288 818 'alterum
322 747 386 798 198.
403 745 511 796 Deinde
519 761 629 811 aequum
638 744 748 809 bonum,
760 747 987 796 testamentorum
996 743 1149 796 sententias

165 824 373 892 voluntatesque
386 827 495 875 tutatus
509 827 565 875 est:
580 826 684 890 quanta
697 827 767 874 esset
781 821 809 874 in
823 823 913 874 verbis
926 823 1023 890 captio,
1041 839 1106 875 eum
1118 823 1148 874 in

163 903 260 956 ceteris
277 903 364 967 rebus,
389 906 451 954 tum
469 902 499 954 in
514 901 695 966 testamentis,
713 902 736 952 si
753 901 956 968 negligerentur
968 902 1129 954 voluntates
1142 922 1149 963 ;

164 985 295 1049 quantam
305 981 358 1032 sibi
368 980 519 1048 potentiam
530 980 651 1032 Scaevola
659 984 815 1045 assumeret,
833 979 857 1031 si
870 997 950 1032 nemo
964 980 1080 1032 auderet
1094 985 1148 1033 tes-

162 1059 568 1126 tamentumfacereposteanisi
576 1058 692 1110 deillius
700 1059 842 1111 sententia
868 1058 1008 1112 Haeecum
1016 1059 1146 1126 graviter,

162 1143 224 1190 tum
232 1137 267 1190 ab
277 1137 525 1206 exempliscopiose,
533 1137 681 1203 tumvarie,
688 1143 749 1189 tum
758 1137 839 1188 etiam
848 1137 961 1190 ridicule
971 1142 999 1190 et
1004 1139 1093 1190 facete
1103 1156 1148 1190 ex·
1206 1203 1207 1210 ἵ

162 1217 265 1284 plicans
284 1233 344 1267 eam
357 1215 565 1268 admirationem
578 1215 814 1283 assensionemque
827 1217 982 1283 commovit,
998 1217 1102 1269 dixisse
1115 1223 1149 1269 ut

163 1299 257 1347 matra
266 1311 346 1346 nemo
357 1295 502 1348 videretur.
539 1293 602 1346 Hoc
611 1299 671 1346 erat
684 1295 798 1347 oratoris
809 1295 927 1347 officium
935 1295 1084 1362 partitione
1093 1302 1148 1348 ter-

162 1373 243 1440 tium,
255 1390 352 1440 genere
363 1373 520 1426 maximum.
552 1373 607 1426 Hic
616 1373 663 1425 ille
673 1373 708 1425 de
718 1374 819 1440 populo
829 1373 926 1440 judex,
940 1375 988 1442 qui
999 1376 1148 1441 separatim

162 1452 280 1504 alterum
290 1453 440 1504 admiratus
451 1456 531 1518 esset,
542 1453 616 1504 idem
629 1452 726 1505 audito
739 1453 826 1504 altero
836 1452 970 1520 judicium
986 1469 1068 1504 suum
1082 1470 1147 1506 con-

162 1535 297 1584 temneret
306 1550 313 1594 ;
327 1535 429 1584 atvero
439 1531 595 1598 intelligens
606 1535 634 1582 ct
642 1531 739 1583 doctus
749 1531 863 1583 audiens
873 1530 1021 1583 Scaevolam
1029 1533 1147 1584 sentiret

164 1627 221 1661 esse
240 1609 379 1678 quoddam
397 1610 508 1666 uberius
524 1609 633 1662 dicendi
651 1625 738 1678 genus
752 1615 780 1662 et
794 1609 924 1662 ornatius.
968 1610 1013 1662 Ab
1026 1615 1148 1678 utroque

163 1692 264 1754 autem,
281 1704 361 1740 causa
368 1692 501 1756 perorata,
514 1688 537 1740 si
550 1692 728 1756 quaereretur,
743 1692 955 1756 uterpraestaret
966 1691 1065 1752 orator,
1075 1707 1148 1741 nun-

164 1783 247 1834 quam
258 1767 379 1833 proieoto
390 1767 520 1834 sapientis
530 1765 667 1834 judicium
680 1784 696 1819 a
706 1767 812 1834 judicio
825 1767 902 1834 vulgi
914 1767 1088 1834 discreparet.
1206 1819 1207 1826 ,

168 1859 171 1866 ’
203 1843 276 1898 LIV.
322 1847 387 1900 199.
411 1846 466 1910 Qui
478 1849 590 1913 praestat
603 1845 688 1912 igitur
699 1845 856 1914 intelligens
869 1845 1018 1913 imperitet
1041 1845 1149 1914 Magna

56 1977 63 1990 ‚
163 1941 192 1975 re
203 1927 231 1975 et
239 1920 356 1976 difficili:
371 1924 506 1992 siquidem
519 1941 650 1990 magnum
664 1927 705 1975 est
719 1925 796 1991 seire,
807 1923 996 1992 quibusrebus
1011 1927 1149 1978 efficiatur

163 2002 340 2055 amittaturve
353 2001 470 2056 dicendo
489 2003 559 2055 illud
580 2003 715 2071 quidquid
729 2007 779 2069 cst,
796 2003 870 2070 quod
883 2007 932 2056 aut
946 2003 1014 2056 effici
1028 2003 1148 2056 dicendo

163 2085 272 2148 oportet
294 2085 343 2134 aut
364 2082 455 2134 amitti
476 2099 533 2135 non
557 2086 671 2150 oportet.
726 2081 844 2134 Praestat
870 2081 954 2134 etiam
974 2082 1023 2134 illo
1045 2083 1147 2135 doctus
1206 2095 1207 2142 ,

163 2160 273 2212 auditor
284 2159 403 2227 indocto,
421 2161 495 2228 quod
508 2178 589 2228 saepe,
605 2178 668 2213 cum
681 2165 802 2213 oratores
815 2161 870 2212 duo
883 2164 933 2212 aut
945 2160 1038 2228 plures
1050 2163 1149 2230 populi

161 2239 265 2306 judicio
286 2239 445 2306 probantur,
462 2240 536 2307 quod
555 2239 665 2292 dicendi
688 2257 773 2306 genus
787 2239 922 2306 optimum
941 2239 986 2306 sit,
1002 2239 1143 2308 intelligit.

163 2317 238 2369 Nam
250 2317 321 2369 illud
341 2317 415 2384 quod
432 2319 533 2385 populo
554 2335 610 2370 non
633 2319 771 2385 probatur,
789 2335 824 2370 ne
846 2317 1012 2386 intelligenti
1033 2319 1147 2385 quidem

163 2396 265 2448 oratori
277 2395 386 2462 probari
399 2400 496 2464 potest.
541 2396 581 2448 Ut
601 2397 674 2448 enim
696 2414 730 2448 ex
750 2413 897 2449 nervorum
910 2413 976 2448 sono
989 2397 1018 2448 in
1032 2397 1145 2464 fidibus,

164 2491 247 2542 quam
269 2474 385 2526 scienter
405 2475 426 2526 ii
448 2475 521 2542 pulsi
537 2475 600 2540 sint,
618 2475 735 2541 intelligi
756 2476 844 2529 solet:
874 2475 912 2527 sic
933 2493 968 2528 ex
991 2475 1147 2528 animorum

163 2556 241 2604 motu
254 2552 382 2618 cernitur,
400 2553 467 2620 quid
474 2553 624 2606 traotandis
636 2553 679 2606 his
692 2555 813 2622 perficiat
826 2559 923 2607 orator.
962 2555 1027 2607 200.
1046 2555 1147 2622 Itaque

163 2631 319 2698 intelligens
332 2631 441 2684 dicendi
455 2631 625 2684 existimator
637 2649 692 2684 uon
707 2633 828 2685 assidens
842 2637 870 2684 et
894 2636 1001 2684 attente
1014 2633 1141 2699 audiens,

164 2709 281 2761 seduno
295 2715 406 2777 aspectu
430 2714 458 2764 et
481 2711 639 2778 praeteriens
652 2711 686 2762 de
700 2715 805 2763 oratore
819 2729 889 2778 saepe
899 2711 1013 2779 judicat.
1058 2711 1147 2764 Videt

164 2788 324 2840 oscitantem
356 2789 489 2856 judicem,
516 2789 673 2856 loquentem
711 2807 773 2842 cum
812 2790 906 2856 altere,
945 2807 1146 2858 nonnunquam

164 2866 247 2918 etiam
260 2865 444 2934 simulantem,
456 2867 613 2919 mittentem
626 2868 658 2919 ad
674 2867 762 2934 horas,
775 2869 958 2934 quaesitorem,
968 2873 1001 2921 ut
1009 2869 1143 2934 dimittat,

164 2947 304 3011 rogantem
320 2963 325 2997 :
346 2946 477 3012 intelligit
487 2951 622 2998 amtorem
632 2946 661 2997 in
672 2963 704 2998 ea
715 2963 795 2998 causa
808 2964 864 2998 non
878 2947 979 3014 adesse,
997 2947 1045 3014 qui
1058 2948 1145 3014 possit

164 3021 262 3075 animis
280 3022 406 3088 judicum
419 3024 563 3076 admovere
583 3025 743 3090 orationem,
759 3029 892 3092 tanquam
906 3025 1006 3078 fidibus
1019 3043 1141 3078 manum.

164 3102 244 3154 Idem
257 3099 280 3151 si
300 3102 457 3168 praeteriens
475 3103 610 3170 aspexerit
626 3107 729 3156 erectos
749 3103 889 3156 intuentes
904 3104 1020 3172 judices,
1042 3108 1076 3156 ut
1096 3111 1146 3156 eut

164 3179 255 3234 doceri
269 3178 303 3231 de
316 3198 355 3246 re,
370 3181 453 3248 idque
462 3182 546 3234 etiam
558 3182 640 3234 vultu
653 3182 767 3249 probare
782 3183 936 3249 videantur,
949 3187 1005 3248 aut,
1019 3187 1051 3235 ut
1065 3199 1146 3235 avem

164 3265 247 3313 cantu
269 3259 370 3327 aliquo,
386 3261 425 3312 sic
444 3260 506 3312 illos
518 3260 619 3312 viderit
632 3261 763 3326 oratione,
780 3261 858 3328 quasi
877 3279 1028 3329 suspensos,
1044 3262 1143 3327 teneri,

164 3343 222 3406 aut,
240 3340 269 3392 id
294 3356 349 3406 quo
368 3339 485 3392 maxime
504 3357 572 3406 opus
590 3343 639 3404 est,
661 3339 850 3405 misericordia,
875 3340 947 3406 odic,
965 3343 1044 3392 motu
1060 3339 1146 3392 animi

164 3419 256 3486 aliquo
270 3418 441 3486 perturbatos
455 3435 512 3470 esse
526 3417 714 3470 vehementius
728 3435 734 3470 :
758 3435 790 3470 ea
803 3418 826 3469 si
839 3419 1005 3486 praeteriens,
1025 3423 1059 3470 ut
1071 3418 1141 3484 dixi,

164 3499 306 3564 aspexerit,
324 3496 347 3549 si
360 3497 430 3548 nihil
437 3497 582 3562 audiverit,
592 3501 685 3549 tamen
696 3501 831 3548 oratorem
840 3497 940 3550 versari
948 3497 977 3548 in
985 3497 1035 3549 illo
1040 3497 1145 3564 judicio

171 3580 193 3627 a
203 3593 271 3642 opus
280 3576 429 3628 oratorium
437 3575 503 3640 fieri,
511 3580 561 3627 aut
569 3575 720 3641 perfectum
725 3574 785 3641 jam
794 3591 859 3642 esse,
867 3576 989 3642 profecto
997 3575 1140 3644 intelliget.

204 3653 262 3705 LV.
289 3655 353 3706 201.
367 3653 436 3706 Cum
444 3653 707 3716 haecdisseruissem‚
717 3657 833 3720 uterque
842 3670 966 3706 assensus
979 3659 1021 3706 est
1034 3674 1042 3718 3
1056 3658 1085 3706 et
1095 3672 1146 3722 ego

203 3749 296 3798 rquam
316 3732 351 3783 de
370 3733 477 3800 integre
499 3731 615 3797 ordiens,
641 3730 757 3794 Quando
786 3731 879 3799 igitur,
895 3731 1017 3799 inquam,
1033 3751 1050 3784 a
1064 3732 1147 3785 Cotta
