2436 4164
150 233 190 290 76
463 243 499 285 n.
519 239 630 285 rmum
649 241 816 285 oronaorrs

150 389 289 438 oratorum
298 401 422 450 numero,
438 385 487 436 sed
500 401 556 436 non
570 384 664 436 deerat
672 384 702 436 ei
714 387 808 435 tamen
821 382 851 434 in
870 379 1007 433 sententia
1020 377 1145 433 dioenda

150 481 213 517 cum
239 463 384 532 prudentia
410 467 472 515 tum
499 463 606 530 elegans
628 463 767 531 quoddam
788 465 817 513 et
841 459 981 512 eruditum
1004 459 1140 513 orationis

150 559 242 610 genus.
281 545 345 596 134.
364 542 393 593 N
394 558 424 594 ec
437 541 549 594 habitus
563 545 707 594 esttamen
721 543 799 608 pater
811 539 868 608 ipse
882 538 997 591 Catulus
1010 539 1139 606 princepe

150 622 180 674 in
194 638 310 674 numero
323 625 501 688 patronorum
516 639 522 683 ;
543 620 591 672 sed
602 624 660 672 erat
673 619 737 672 talis
750 622 792 684 ut,
803 635 866 670 cum
879 617 1012 685 quosdam
1025 617 1138 670 audires
1205 631 1206 646 ¹

151 701 275 768 quitum
289 704 367 751 erant
387 703 557 766 praestantes,
573 699 714 751 videretur
734 715 792 749 esse
813 697 944 759 inferior;
965 713 1028 748 cum
1042 700 1138 748 autem
1205 689 1206 704 ¹

150 781 241 846 ipsum
254 779 362 830 audires
375 779 433 830 eine
446 778 656 845 comparatione,
668 793 725 829 non
737 776 820 828 modo
833 779 979 828 contentus
992 791 1074 840 esses,
1088 776 1136 826 sed

150 859 249 910 mellus
273 874 329 909 non
351 873 492 923 quaereres.
539 859 604 910 135.
628 855 660 919 Q.
678 853 998 918 MetellusNumidious
1021 857 1051 905 ct
1075 854 1137 921 ejus

150 937 253 1002 collega
274 935 313 987 M.
332 935 441 987 Silanus
454 935 581 987 dicebant
594 935 630 986 de
642 952 672 987 re
693 934 811 1002 publica,
827 933 902 1000 quod
915 937 986 984 esset
999 932 1055 984 illis
1069 933 1137 984 viris

150 1020 178 1066 et
201 1014 337 1066 consulari
360 1014 489 1080 dignItati
512 1013 585 1066 eatis.
630 1013 669 1067 M.
690 1013 818 1066 Aurelius
840 1011 957 1064 Scaurus
980 1027 1037 1062 non
1062 1027 1136 1078 saepe
1205 1035 1206 1038 ¹

150 1093 267 1158 dicebat,
284 1093 330 1144 sed
345 1091 430 1159 polite
444 1112 451 1155 ;
471 1092 569 1145 Latine
579 1109 644 1145 vero
657 1092 686 1144 in
699 1091 794 1160 primis
807 1093 849 1142 est
862 1090 1001 1158 eleganter
1013 1090 1132 1142 locutus.

152 1171 220 1234 Quae
233 1172 294 1224 laus
312 1171 407 1222 eadem
420 1171 450 1222 in
464 1172 497 1224 A.
515 1171 617 1224 Albino
630 1171 700 1223 bene
714 1169 845 1238 loquendi
857 1169 913 1221 fuit
926 1189 934 1233 3
956 1185 1020 1221 nam
1033 1169 1138 1220 flamen

151 1249 269 1302 Albinus
292 1251 375 1302 etiam
398 1249 428 1302 in
449 1267 563 1302 numero
584 1254 627 1302 est
646 1248 757 1302 habitus
778 1249 963 1312 disertorum
992 1246 1024 1310 Q.
1050 1247 1138 1299 etiam

151 1328 252 1395 (laepi0,
276 1329 318 1380 vir
344 1345 406 1380 acer
431 1332 460 1380 et
481 1329 569 1394 fortis,
593 1328 638 1381 cui
658 1328 770 1380 fomuna
795 1325 863 1379 belli
889 1326 1003 1392 crimini,
1030 1323 1139 1378 invidia

151 1407 246 1474 populi
259 1407 408 1460 calamitati
418 1408 479 1460 fuit.
601 1415 605 1420 '
894 1411 897 1420 ⁴

191 1485 329 1539 XXXVI.
376 1487 440 1538 136.
463 1485 533 1538 Tum
547 1485 629 1538 etiam
644 1485 685 1552 0.,
701 1485 731 1538 L.
749 1485 875 1538 Memmii
887 1485 1001 1536 fuerumt
1014 1488 1139 1536 oratores

151 1565 309 1631 mediocres,
325 1567 495 1616 accusatores
510 1581 584 1617 acres
606 1568 689 1632 atque
711 1563 800 1616 acerbi
813 1582 820 1628 ;
850 1563 944 1630 itaque
957 1563 988 1615 in
998 1563 1139 1630 judicium

152 1643 249 1710 capitis
270 1643 374 1694 multos
386 1647 561 1708 vocaverimt,
581 1661 632 1710 pro
654 1643 707 1695 mis
728 1659 785 1694 non
808 1658 879 1710 saepe
903 1641 1040 1694 dixerunt.
1087 1641 1134 1709 Sp.

152 1721 268 1773 Thorius
290 1722 356 1772 eatis
377 1721 465 1773 valuit
478 1721 507 1772 in
521 1722 646 1788 populari
666 1739 764 1790 genere
785 1719 942 1786 dicendi,is
966 1721 1015 1786 qui
1038 1737 1138 1788 agrum

151 1799 292 1866 publicum
306 1800 405 1851 vitiosa
418 1803 446 1850 et
459 1799 552 1851 inutili
565 1800 624 1867 lege
636 1800 763 1868 vectigali
775 1799 885 1862 levavit,
923 1797 964 1857 M,
976 1799 1136 1864 Marcellus,
1205 1831 1206 1856 l

152 1877 293 1928 AEeemini
306 1881 391 1944 pater,
408 1893 465 1930 non
485 1878 532 1930 ille
550 1878 662 1946 quidem
684 1879 714 1930 in
732 1876 862 1946 patronis,
879 1874 928 1930 red
950 1877 980 1929 in
1001 1879 1139 1945 promptis

152 1961 245 2008 tamen
259 1959 288 2007 et
301 1973 357 2008 non
378 1956 562 2009 inexercitatis
585 1953 621 2010 ad
644 1957 791 2009 dicendum
814 1955 880 2022 fnit,
893 1960 927 2008 ut
939 1955 1012 2008 filius
1025 1955 1087 2024 ejus
1101 1957 1135 2009 P.

152 2035 293 2088 Lentulus.
340 2033 404 2092 137.
423 2035 452 2088 L
465 2035 549 2087 etiam
563 2034 842 2103 Oottapraetoriusin
855 2034 1033 2086 mediocrium
1047 2039 1138 2088 orato-
1205 2033 1206 2040 ’

152 2129 214 2164 rum
227 2131 352 2180 numero,
368 2113 477 2166 dicendi
489 2131 545 2167 non
558 2114 599 2166 ita
616 2115 735 2166 multum
748 2113 830 2165 laude
846 2118 1021 2180 processerat,
1038 2113 1087 2166 sed
1102 2115 1138 2166 de

152 2191 288 2245 industria
301 2210 363 2244 cum
376 2193 467 2245 verbis
479 2197 540 2245 tum
560 2193 643 2244 etiam
665 2192 724 2259 ipso
738 2209 804 2244 sono
818 2192 897 2260 quasi
909 2191 1063 2245 subrustico
1076 2209 1139 2260 per·

152 2270 318 2336 sequebatur
330 2276 414 2338 atque
426 2271 587 2323 imitabatur
599 2271 800 2339 antiquitatem.

192 2349 286 2416 Atque
300 2366 350 2416 ego
364 2353 392 2400 et
405 2349 435 2400 in
447 2349 499 2401 hoc
512 2349 571 2416 ipso
585 2349 666 2401 Cotta
679 2353 708 2401 et
731 2349 760 2400 in
782 2349 842 2401 aliis
861 2349 986 2417 pluribus
999 2350 1137 2418 intellige,

154 2442 196 2478 me
210 2443 266 2478 non
279 2425 321 2478 ita·
332 2427 447 2478 disertos
460 2427 583 2479 homines
596 2431 625 2480 et
637 2427 776 2479 rettulisse
788 2427 818 2479 in
832 2432 970 2480 oratorum
990 2445 1139 2481 mainerum

153 2509 182 2556 et
194 2504 353 2558 relaturum.
379 2504 429 2556 Est
443 2505 515 2556 enim
524 2506 692 2572 propositum
701 2505 826 2574 colligere
839 2523 894 2572 eos,
905 2506 953 2574 qui
961 2507 1013 2558 hoc
1022 2523 1138 2560 munere

153 2583 182 2634 in
201 2583 313 2634 civitate
333 2583 426 2636 functi
445 2583 501 2635 sint
522 2587 556 2636 ut
575 2587 702 2636 tenerent
724 2589 863 2637 oratorum
883 2585 992 2648 loeum3
1018 2601 1138 2652 quorum

75 2687 80 2696 ·
154 2659 265 2728 quidem
280 2677 342 2728 quae
355 2663 439 2714 fuerit
452 2661 572 2714 ascensio
586 2666 615 2714 et
629 2679 711 2729 quam
725 2661 754 2714 in
767 2662 894 2715 omnibus
914 2663 996 2715 rebus
1019 2663 1138 2716 difficilis

153 2739 252 2806 optimi
269 2739 400 2806 perfectio
418 2744 501 2808 atque
524 2741 670 2806 absolutio,
686 2757 719 2792 ex
733 2757 766 2794 eo
779 2741 854 2808 quod
875 2741 964 2794 dicam
985 2741 1139 2794 existimari

153 2821 251 2884 potest.
311 2820 375 2872 138.
413 2817 503 2880 Quam
522 2819 604 2871 multi
624 2819 698 2871 enim
714 2819 773 2887 jam
793 2823 913 2872 oratmes
932 2822 1139 2874 commemorati

154 2899 227 2960 sunt,
250 2899 279 2948 et
307 2913 390 2964 quam
411 2896 460 2952 diu
486 2898 515 2948 in
545 2915 639 2950 eorum
667 2897 872 2950 enumeratione
901 2915 1050 2964 versamur,
1073 2915 1138 2951 cum

153 2977 246 3024 tamen
266 2974 351 3040 spisse
371 2979 454 3042 atque
474 2975 531 3042 vix,
552 2981 586 3028 ut
606 2976 713 3028 dudum
732 2976 768 3028 ad
791 2975 1005 3030 Demosthenem
1026 2981 1054 3029 et
1075 2977 1137 3044 Hy-

153 3051 283 3118 peridem,
315 3053 354 3104 sic
381 3070 456 3106 nunc
485 3053 523 3106 ad
541 3055 695 3106 Antonium
725 3054 908 3123 Crassumque
937 3056 1138 3122 pervenimusl

154 3129 229 3181 Nam
249 3147 299 3196 ego
327 3131 370 3182 sic
394 3131 530 3198 existimo,
551 3133 601 3184 hoe
629 3137 748 3186 oratores
775 3134 859 3206 fuisse
885 3133 1020 3186 maximos
1050 3139 1079 3186 et
1107 3136 1138 3188 in

153 3207 196 3260 his
226 3209 345 3276 primum
376 3227 438 3262 cum
461 3210 619 3263 Graeconrm
649 3212 735 3279 gloria
764 3211 863 3264 Latine
892 3212 1002 3264 dicenffl
1031 3213 1138 3280 copiam

154 3291 299 3354 aequatam.

193 3365 348 3420 XXXVII.
395 3369 459 3421 139.
498 3369 597 3422 Omnia
623 3370 771 3424 veniebant
792 3370 916 3422 Antonio
939 3369 969 3422 in
992 3374 1137 3436 mentem

153 3459 239 3511 eaque
261 3461 310 3497 suo
331 3463 447 3514 quaeque
460 3447 527 3513 loco,
545 3447 593 3502 ubi
606 3449 756 3516 plurimum
776 3449 906 3518 proficere
928 3449 1061 3518 etvalere
1074 3465 1137 3517 pos-

153 3526 214 3574 sent
226 3541 233 3586 ;
246 3527 279 3575 ut
289 3525 324 3575 ab
333 3525 495 3592 imperatore
509 3527 623 3594 equites,
633 3528 747 3595 pedites,
757 3527 979 3596 levisarmatura,
992 3527 1030 3580 sic
1043 3527 1137 3582 abillo

152 3599 182 3651 in
195 3602 314 3653 maxime
334 3603 495 3668 opportunis
515 3605 645 3656 orationis
665 3607 789 3672 partibus
811 3607 1021 3660 collocabantur.
1067 3607 1136 3660 Erat

175 3679 283 3731 remoris
296 3697 410 3745 summa,
426 3681 504 3733 nulla
512 3683 698 3735 meditationis
711 3684 828 3752 auspicio
842 3704 849 3750 ;
869 3683 1020 3753 imparatus
1029 3701 1137 3754 semper
