2436 4164
162 265 202 320 54
476 277 512 318 n.
534 277 643 320 runnu
664 277 832 320 crernonrs

163 419 289 474 Seremus
309 418 394 486 igitur
414 416 519 485 aliquid
533 421 666 485 tanqrmm
687 417 717 470 in
738 417 843 470 inculto
864 421 893 470 et
917 417 1046 470 derelicto
1068 418 1148 482 solo;

162 498 236 567 quod
249 499 290 551 ita
303 497 447 565 diligenter
461 497 589 561 colemus,
604 501 638 549 ut
650 497 796 565 impendiis
809 497 892 550 etiam
902 514 1002 564 augere
1012 498 1148 566 possimus

161 578 317 647 largitatem
331 577 374 629 tui
387 575 524 628 mune1ie:
538 575 620 627 modo
634 575 707 628 idem
716 582 809 629 noster
818 577 926 628 animus
934 577 1038 629 efficere
1049 578 1145 644 possit,

162 657 238 726 quod
257 674 329 725 ager,
356 656 413 724 qui,
436 671 499 708 cum
522 655 624 707 multos
645 672 731 708 annos
753 656 868 724 quievit,
894 656 1032 708 uberiores
1052 657 1148 708 efferre

162 737 254 805 fruges
267 737 343 789 solet.
390 733 434 792 17.
460 733 529 786 Tum
548 734 616 787 ille:
637 734 697 802 Ego
710 753 774 788 vero
795 739 824 788 et
845 735 1007 804 exspectabo
1031 752 1148 804 eaquae

161 816 305 884 polliceris,
320 831 371 867 nec
384 813 491 880 exigam
504 812 558 864 nisi
570 817 620 865 tuo
635 815 784 877 commodo,
801 819 829 867 et
840 819 922 868 erunt
931 815 1000 867 mihi
1009 819 1146 883 pergrata,

161 895 185 948 si
198 895 316 947 solveris.
360 893 433 945 Mihi
446 909 565 960 quoque,
580 892 673 960 inquit
687 893 801 960 Brutus,
825 894 1008 962 exspectanda
1027 901 1095 947 srmt
1116 913 1149 948 ea

161 990 224 1041 quae
236 973 331 1027 Attice
344 971 486 1040 polliceris,
511 971 563 1024 etsi
582 971 697 1025 fortasse
717 990 767 1040 ego
787 991 804 1026 a
823 977 852 1026 te
872 974 956 1042 hujus
975 973 1150 1026 voluntarius

160 1055 320 1119 procurator
332 1055 432 1119 petam,
450 1051 524 1119 quod
539 1051 605 1119 ipse,
622 1051 665 1103 cui
679 1051 770 1118 debes,
793 1070 822 1106 se
841 1053 1014 1106 incommodo
1034 1059 1148 1106 exectu-

159 1148 222 1183 rum
235 1134 324 1199 negat.

200 1209 235 1264 V.
282 1212 326 1264 18.
350 1209 389 1262 et
404 1226 477 1276 vero,
493 1209 616 1279 inquam,
632 1209 684 1262 tibi
698 1227 756 1278 ego,
772 1210 868 1277 Brute,
887 1228 943 1263 non
957 1211 1070 1278 solvam,
1093 1213 1149 1264 nisi

159 1288 235 1357 prius
249 1292 305 1342 ate
326 1306 431 1356 cavero,
455 1290 572 1358 amplius
594 1307 626 1341 eo
647 1290 757 1342 nomine
779 1290 926 1355 neminem,
949 1290 1027 1358 cujus
1047 1291 1148 1358 petitio

161 1369 206 1435 sit,
221 1368 381 1437 petiturum.
426 1367 454 1420 N
456 1386 492 1420 on
505 1368 668 1434 mehercule,
683 1368 784 1436 inquit,
797 1369 851 1420 tibi
863 1369 1053 1436 repromittere
1073 1370 1148 1423 istuc

161 1448 274 1516 quidem
287 1447 375 1501 ausim
389 1468 396 1513 ;
409 1465 474 1502 nam
487 1447 570 1514 hunc,
585 1447 635 1514 qui
656 1451 747 1516 negat,
771 1447 852 1500 video
875 1448 1065 1515 flagitatorem,
1088 1466 1147 1502 non

159 1523 239 1580 fllum
252 1527 363 1596 quidem
376 1527 429 1579 tibi
442 1527 596 1594 molestum,
613 1526 660 1578 sed
674 1527 814 1579 assiduum
827 1531 921 1579 tumen
935 1531 963 1579 et
977 1544 1065 1580 acrem
1075 1529 1142 1581 fore.

160 1607 231 1659 Tum
244 1607 421 1674 Pomponius,
438 1607 497 1674 Ego
510 1622 584 1672 vero,
599 1605 699 1673 inquit,
717 1605 837 1658 Brutum
850 1605 921 1658 nihil
933 1607 1045 1659 mentiri
1065 1613 1142 1675 puto.

159 1685 264 1738 Videor
291 1686 364 1738 enim
384 1686 443 1754 jam
466 1690 495 1737 te
518 1702 634 1737 ausurus
657 1702 715 1737 esse
738 1685 882 1753 appellere,
909 1686 1039 1753 quoniam
1063 1687 1146 1754 longo

158 1763 304 1817 intervallo
331 1763 414 1816 modo
440 1764 560 1832 primum
593 1763 774 1816 animadverti
806 1765 889 1832 paulo
919 1771 947 1816 te
978 1765 1142 1820 hilariorem.

161 1845 206 1897 19.
231 1843 330 1911 Itaque
345 1843 474 1911 quoniam
487 1843 541 1909 hic,
564 1842 639 1910 quod
658 1842 727 1894 mihi
750 1843 905 1910 deberetur,
931 1860 959 1896 se
983 1849 1147 1896 exectumm

158 1923 297 1991 professus
310 1926 361 1988 est,
378 1921 453 1990 quod
472 1921 537 1974 huic
557 1921 640 1973 debes
659 1938 709 1989 ego
729 1939 746 1974 a
769 1926 798 1974 te
819 1927 895 1990 peto.
936 1921 1074 1986 Quidnam
1094 1924 1147 1976 idl

158 2003 278 2072 inquam
324 2001 364 2054 Ut
383 2001 492 2068 scribae,
514 2001 616 2068 inquit,
636 2000 762 2069 aliquid3
782 2001 948 2070 jampridem
970 2003 1044 2054 enim
1058 2004 1145 2056 conti·

158 2086 274 2135 cuerunt
288 2085 344 2135 tuae
358 2081 465 2134 litteree.
500 2079 574 2133 Nam
587 2084 620 2132 ut
630 2079 691 2132 illos
705 2079 739 2132 de
753 2098 782 2133 re
796 2081 905 2149 publica
923 2081 1008 2134 libros
1021 2082 1141 2149 edidisti,

139 2217 142 2224 ,
158 2159 230 2215 nihil
244 2181 260 2214 a
279 2167 307 2214 te
321 2179 386 2214 sane
396 2165 491 2228 postea
499 2159 651 2228 accepimus
666 2178 672 2214 ε
686 2159 779 2227 eisque
793 2164 901 2212 nosmet
911 2161 963 2228 ipsi
973 2161 1008 2213 ad
1019 2166 1145 2214 veterum

159 2257 250 2294 rerum
270 2245 425 2293 nostrarum
447 2239 606 2292 memoriam
626 2239 908 2307 comprehendendam
929 2240 1040 2308 impulsi
1059 2246 1145 2310 etque

158 2319 262 2372 incensi
275 2336 376 2372 sumus.
421 2317 546 2385 sedilia,
563 2336 625 2371 cum
639 2319 762 2386 poteris;
782 2322 866 2387 atque
886 2323 919 2372 ut
938 2319 1032 2387 poesis,
1056 2337 1145 2388 rogo;

158 2415 233 2450 nunc
247 2414 321 2463 vero,
336 2397 437 2464 inquit,
454 2398 520 2449 sies
533 2397 624 2450 animo
638 2415 732 2464 vacuo,
750 2414 855 2466 expone
875 2398 955 2450 nobis
975 2399 1049 2466 quod
1069 2417 1144 2468 quae-

157 2476 249 2528 rimus.
296 2478 341 2529 20.
367 2475 506 2539 Quidnam
520 2479 562 2528 est
575 2475 625 2528 idl
644 2475 766 2544 inquam.
811 2476 891 2540 Quod
915 2477 983 2530 mihi
1006 2495 1095 2546 nuper
1114 2480 1144 2532 in

158 2555 311 2608 Tusculano
334 2555 507 2622 inchoavisti,
529 2555 564 2607 de
585 2556 745 2622 oratoribus,
774 2557 884 2623 quaudo
907 2573 964 2609 esse
987 2558 1142 2626 coepissent,

159 2635 207 2703 qui
230 2634 314 2687 etiam
336 2638 365 2686 et
386 2635 481 2702 quales
501 2635 625 2687 fuissent.
670 2633 759 2697 Quem
780 2652 831 2702 ego
851 2653 1004 2689 sermonem
1025 2653 1087 2690 cum
1107 2639 1144 2690 ad

158 2713 277 2766 Brutum
291 2717 372 2766 tuum
393 2714 438 2766 vel
461 2719 586 2767 nostrum
608 2713 701 2781 potius
723 2714 891 2782 detulissem,
915 2733 1078 2785 magnopere
1098 2717 1144 2769 hic

157 2792 251 2845 audire
278 2810 307 2844 ee
329 2793 399 2845 velle
421 2793 499 2847 dixit.
553 2792 652 2860 Itaque
674 2792 748 2846 hunc
770 2793 900 2861 elegimus
924 2795 1007 2862 diem,
1031 2813 1093 2848 cum
1115 2801 1144 2848 te

157 2871 285 2923 sciremus
299 2888 356 2924 esee
371 2889 496 2926 vacuum
540 2871 640 2938 Quare,
656 2872 680 2924 si
693 2873 745 2925 tibi
758 2875 801 2925 est
821 2873 1003 2940 commodum,
1026 2875 1076 2928 ede
1096 2875 1144 2928 illa

157 2966 219 3017 quie
243 2967 372 3017 coeperas,
395 2954 424 3002 et
444 2950 532 3004 Bruto
553 2955 582 3003 et
604 2950 680 3006 mihi.
726 2953 770 3005 21.
798 2951 857 3018 Ego
878 2969 951 3018 vero,
976 2953 1099 3021 inquam,
1121 2955 1145 3008 si

156 3031 280 3096 potuero,
309 3027 407 3080 faciam
428 3029 506 3082 vobis
529 3029 602 3082 eatis.
656 3029 772 3095 Poteris,
797 3029 909 3097 inquit:
940 3030 1032 3083 relaxa
1061 3033 1144 3086 modo

156 3106 270 3176 paulum
283 3107 406 3160 animum
420 3111 470 3159 aut
483 3107 573 3175 plene,
589 3107 612 3159 ei
625 3111 712 3174 potes,
727 3108 819 3160 libera

197 3185 305 3254 Nempe
318 3185 403 3253 igitur
415 3185 480 3239 hinc
500 3191 570 3253 tum,
592 3185 736 3253 Pomponi,
758 3185 860 3238 ductus
883 3189 925 3238 eet
948 3200 1044 3251 sermo,
1067 3189 1144 3254 quod

157 3271 216 3320 erat
239 3284 256 3319 a
278 3282 322 3318 me
343 3264 448 3318 mentio
466 3265 548 3333 facte,
573 3281 682 3318 eausmu
709 3263 841 3330 Deiotari,
875 3263 1025 3317 fidelissimi
1058 3270 1144 3335 atque

159 3346 255 3415 optimi
278 3345 357 3414 regis,
379 3345 551 3398 ornatissime
571 3347 599 3397 et
619 3342 800 3411 copiosissime
822 3361 839 3396 a
861 3343 950 3396 Bruto
973 3361 1017 3397 me
1035 3345 1143 3401 auclisse

157 3426 304 3478 defensam

197 3503 248 3558 VI.
284 3503 354 3570 Scio,
370 3504 470 3572 inquit,
488 3504 522 3558 ab
531 3504 584 3557 istc
594 3502 675 3556 initio
683 3506 803 3556 tractum
817 3520 874 3557 esse
888 3509 1143 3573 sermonem,teque
1208 3503 1209 3518 ¹

160 3583 239 3636 Bruti
252 3583 390 3636 dolentem
404 3583 491 3638 vicem
505 3583 584 3652 quasi
597 3583 738 3636 deflevisse
755 3583 923 3652 judiciorum
938 3583 1093 3637 vestitatem
1114 3589 1143 3636 et

156 3663 216 3716 fori.
262 3664 306 3714 22.
331 3662 404 3732 Feci,
427 3663 550 3733 inquam,
571 3663 644 3716 istuc
663 3663 774 3732 quidem
798 3668 827 3716 et
847 3681 918 3732 eaepe
946 3663 1023 3716 facio.
1068 3662 1143 3716 Nam

172 3740 235 3807 nihi,
256 3740 351 3808 Brute,
378 3743 408 3796 in
431 3747 461 3798 te
484 3743 605 3798 intuenti
628 3743 722 3798 crebro
745 3743 775 3797 in
798 3747 920 3798 mentem
943 3742 1020 3795 venit
1043 3743 1141 3810 vereri,
