2456 4162
155 248 193 302 94
465 259 500 298 u.
522 257 630 304 runnu
651 253 818 296 oreunorus

154 397 251 450 Flacco
277 396 441 462 consulibus,
470 395 577 463 publice
604 398 645 446 est
670 393 849 445 interfectus:
876 391 958 442 horno
981 391 1139 444 simillimus
1218 453 1219 472 χ

155 476 329 528 Atheniensis
351 473 512 542 Hyperboli‚
528 474 607 541 cujus
628 471 831 540 improbitatem
852 473 957 521 veteres
978 471 1138 523 Atticorum

155 555 294 606 comoediae
321 557 493 606 notaverunt.
557 555 621 604 225.
653 550 727 614 Quos
753 549 815 602 Sex.
846 548 934 600 Titius
960 557 1135 616 consecutus,

154 633 235 684 homo
248 633 350 700 loquax
363 648 427 683 sane
441 635 469 682 et
483 631 549 682 satis
563 635 669 694 acutus,
685 627 733 680 sed
746 631 804 680 tam
817 627 924 678 solutus
945 631 973 679 et
995 629 1086 680 mollis
1105 629 1136 680 in

154 716 241 778 gestu,
269 716 302 762 ut
328 710 437 762 saltatio
464 709 591 775 quaedam
617 711 779 771 nasceretur,
810 706 854 758 eui
880 705 1020 758 saltationi
1047 707 1137 760 ’1111111

154 806 253 842 nomen
266 793 343 842 esset.
386 788 432 840 lta
445 787 596 840 cavendum
609 790 650 838 est
670 802 705 836 ne
725 785 792 852 quid
811 785 840 836 in
860 784 964 851 agendo
984 784 1137 838 dicendove

154 869 246 934 facias,
262 868 340 935 cujus
353 865 473 918 imitatio
486 865 615 918 rideatur.

194 945 300 998 LXHI.
325 944 379 998 Sed
402 944 438 996 ad
460 944 542 1011 paulo
563 943 728 1010 superiorem
754 946 863 994 aetatem
889 941 992 994 revecti
1017 959 1136 1008 sumus;

154 1041 227 1076 nunc
240 1025 274 1076 ad
288 1041 357 1089 eam,
372 1024 407 1076 de
420 1039 475 1092 qua
487 1023 659 1091 aliquantum
672 1039 766 1074 sumus
778 1021 873 1086 locuti,
888 1024 1064 1074 revertamur.

198 1105 262 1154 226.
287 1101 456 1170 Oonjunctus
482 1101 568 1168 igitur
594 1101 707 1168 Sulpicii
733 1100 810 1153 atati
837 1099 868 1153 P.
899 1099 1038 1152 Antistius
1065 1101 1131 1167 fuit,

155 1181 251 1245 rabula
264 1198 328 1234 sane
348 1180 505 1248 probabilis,
520 1180 569 1248 qui
586 1179 687 1231 multos
707 1195 769 1231 cum
782 1177 913 1230 tacuisset
932 1195 1025 1244 annos,
1043 1196 1135 1247 neque

156 1259 294 1312 contemni
312 1260 410 1324 solum,
426 1259 473 1310 sed
495 1257 602 1310 irrideri
621 1257 705 1309 etiam
728 1256 824 1308 solitus
844 1260 924 1322 esset,
939 1255 969 1308 in
988 1257 1135 1310 tribunatu

156 1339 275 1406 primum
289 1341 383 1391 contra
397 1337 425 1390 O.
442 1337 462 1390 J
464 1337 513 1388 ulii
532 1337 607 1388 illam
621 1336 779 1388 consulatus
798 1335 961 1402 petitionem
981 1337 1134 1388 extraordi-

156 1418 269 1482 nariam,
285 1433 378 1468 veram
392 1431 500 1468 111111111
513 1431 604 1481 agens,
620 1418 662 1466 est
681 1415 831 1481 probatus;
852 1417 880 1464 61
893 1429 925 1464 eo
945 1413 1040 1480 magis,
1057 1415 1134 1482 quod

157 1495 271 1546 eandem
284 1511 393 1548 causam
406 1510 467 1545 cum
487 1497 578 1560 ageret
599 1493 658 1559 ejus
672 1493 782 1560 collega,
798 1491 844 1543 1116
857 1491 915 1559 ipse
929 1491 1074 1558 Sulpicius,
1090 1493 1136 1546 hic

157 1575 235 1640 plura
248 1577 276 1625 et
289 1573 411 1626 acutiora
423 1571 537 1624 dicebat.
575 1571 675 1638 Itaque
685 1575 746 1638 post
754 1571 927 1622 tribunatum
940 1571 1028 1636 primo
1037 1571 1136 1624 multae

157 1653 269 1704 adeum
289 1667 386 1716 causae,
402 1649 500 1702 deirrde
513 1665 617 1715 omnes,
634 1650 760 1702 maximae
773 1664 943 1716 quaecunque
956 1652 1043 1715 erant,
1060 1649 1136 1702 defe-

158 1731 293 1782 rebantur.
340 1727 404 1784 227.
433 1727 504 1779 Rem
527 1727 638 1780 videbat
660 1731 747 1793 acute,
773 1727 952 1793 componebat
975 1727 1133 1796 diligenter,

159 1808 288 1860 memoria
302 1807 431 1869 valebat3
451 1806 540 1858 verbis
553 1823 609 1858 non
629 1806 676 1857 1116
690 1805 801 1874 quidem
815 1805 918 1858 ornatis
931 1807 1071 1872 utebatur,
1086 1808 1137 1860 sed
1218 1801 1219 1804 ¹

158 1892 251 1944 tamen
264 1903 320 1937 uon
334 1884 454 1952 abjectis.
498 1884 636 1950 Expedita
649 1889 742 1936 autem
755 1888 814 1936 erat
834 1888 862 1936 et
882 1884 1010 1956 perfacile
1024 1901 1137 1938 currens

160 1965 266 2028 orati03
287 1968 315 2016 et
329 1967 387 2015 erat
408 1963 468 2030 ejus
482 1963 593 2029 quidam
607 1967 740 2031 tanquam
759 1963 869 2015 habitus
888 1979 945 2014 non
961 1963 1115 2016 inurbanus
1130 1985 1137 2028 ;
1218 1975 1219 2030 1

160 2045 231 2096 actio
244 2043 366 2110 paulum,
382 2058 445 2094 cum
459 2041 527 2093 vitio
540 2043 623 2108 vocis,
638 2045 709 2094 tum'
720 2042 802 2094 etiam
821 2041 932 2108 ineptiis
952 2041 1132 2096 claudicabat
1218 2047 1219 2110 J

160 2121 215 2174 Hic
228 2121 397 2188 temporibus
410 2120 502 2172 floruit
516 2121 563 2186 eis,
580 2122 678 2188 quibus
698 2121 770 2172 inter
789 2119 984 2186 profectionem
1003 2121 1137 2173 reditum·
1218 2127 1219 2180 1

161 2217 214 2267 qua
228 2199 256 2252 L.
275 2199 359 2252 Sullae
379 2199 440 2272 sine
456 2199 519 2266 jure
532 2200 596 2266 fuit,
611 2204 640 2252 et
660 2199 718 2250 sine
730 2198 788 2250 ulla
800 2197 936 2265 dignitate
948 2215 991 2250 res
1004 2199 1137 2266 publica;

160 2279 211 2330 hoc
225 2279 307 2330 etiam
327 2278 413 2344 magis
426 2279 601 2345 probabatur,
617 2277 692 2344 quod
711 2280 770 2329 erat
790 2277 823 2328 ab
843 2277 995 2328 oratoribus
1009 2278 1138 2344 quiedam

161 2357 190 2408 in
203 2358 263 2409 foro
284 2357 403 2408 solitudo
418 2374 424 2409 ε
446 2356 580 2422 Sulpicius
600 2355 743 2421 occiderat,
759 2355 841 2407 Cotta
861 2355 964 2421 aberat,
980 2361 1008 2407 et
1030 2355 1137 2421 Ourio;

161 2436 300 2487 vivebate
319 2435 432 2502 reliquis
452 2434 573 2501 patronis
586 2433 645 2500 ejus
666 2433 757 2485 aetatis
769 2449 850 2484 nemo
869 2438 969 2500 praeter
983 2433 1137 2488 Carbonem

162 2520 190 2565 et
204 2513 394 2580 Pomponium,
410 2529 525 2579 quorum
538 2515 686 2578 utrumque
699 2511 777 2564 facile
790 2512 942 2579 superabat.

201 2591 304 2644 LXIV.
351 2593 415 2644 228.
449 2589 589 2642 Inferioris
615 2594 707 2642 autem
733 2589 823 2642 aetatis
849 2598 909 2642 erat
935 2591 1077 2658 proximus
1102 2593 1132 2646 L

163 2669 285 2736 Sisenna,
311 2669 409 2722 doctus
431 2669 474 2720 vir
496 2673 524 2720 et
546 2668 644 2720 studiis
670 2668 780 2735 optimis
804 2669 921 2734 deditus,
948 2669 1017 2722 bene
1037 2670 1137 2723 latine

162 2749 284 2815 loquens,
300 2765 400 2815 gnarus
412 2747 451 2798 rei
464 2747 587 2814 publicae,
603 2764 659 2798 non
673 2747 731 2798 sine
745 2747 856 2813 facetiis,
872 2748 919 2800 sed
932 2765 1021 2816 neque
1034 2750 1138 2803 laboris

162 2826 244 2878 multi
266 2843 316 2878 nec
337 2825 402 2878 satis
423 2831 546 2877 versatus
566 2825 596 2876 in
616 2825 723 2887 earrsis3
743 2823 957 2894 interiectusque
973 2827 1048 2880 inter
1067 2829 1138 2882 duas

163 2909 258 2955 aetates
278 2903 417 2956 Hortensii
432 2909 460 2954 et
481 2903 594 2970 Sulpicii
606 2921 656 2955 nec
675 2902 806 2970 majorem
826 2906 955 2972 consequi
974 2911 1092 2974 poterat,
1109 2913 1138 2960 et

163 2981 263 3032 minori
275 2998 381 3034 necesse
395 2985 452 3032 erat
473 2977 576 3034 cedere.
617 2981 711 3048 Hujus
731 2982 819 3034 omnis
838 2982 954 3036 facultas
967 3002 1002 3036 ex
1021 2985 1139 3038 historia

163 3059 249 3126 ipsius
261 3058 375 3126 perspici
387 3063 479 3126 potest
493 3079 499 3122 ;
520 3076 581 3127 quae
595 3077 657 3112 cum
670 3059 749 3112 facile
762 3076 856 3112 omncs
868 3061 960 3114 vincat
973 3063 1136 3130 superiores,

164 3142 225 3188 turn
237 3137 341 3188 indicat
360 3141 460 3202 tamen,
478 3144 612 3204 quantum
632 3138 704 3190 absit
726 3155 743 3190 a
763 3155 878 3206 summo,
893 3157 1031 3208 quamque
1050 3159 1140 3208 genus

164 3217 216 3268 hoc
237 3215 390 3282 scriptionis
410 3215 534 3268 nondum
557 3216 593 3268 sit
616 3217 681 3268 satis
707 3217 812 3270 Latinis
835 3218 934 3271 litteris
956 3220 1137 3274 illustratum.

164 3294 194 3346 N
195 3312 239 3346 arn
253 3293 283 3356 Q.
302 3293 444 3361 Hortensii
462 3295 610 3349 admodum
629 3293 809 3369 adolescentis
821 3295 970 3364 ingenium,
982 3301 1017 3352 ut
1030 3298 1142 3352 Pbidioe

165 3373 281 3440 signum,
297 3372 379 3424 simul
390 3377 539 3438 aspectum,
560 3377 588 3424 61
607 3373 752 3440 probatum
771 3379 820 3428 est.
866 3377 929 3428 229.
948 3376 1028 3443 11,11
1042 3377 1142 3432 Crasso

166 3450 197 3513 Q.
215 3451 336 3504 Scaevola
349 3451 514 3517 consulibus,
530 3451 648 3518 primurn
660 3452 690 3504 in
706 3453 765 3504 soro
778 3453 861 3520 dixit*
875 3459 903 3507 et
916 3456 991 3522 apud
1003 3455 1054 3509 hos
1067 3457 1143 3526 ipsos

166 3529 277 3596 quidem
300 3529 431 3594 consules,
454 3535 482 3582 et
505 3546 681 3582 cumeorum
703 3531 752 3597 qui
771 3531 916 3599 affuerimt,
938 3537 1000 3585 turn
1019 3535 1144 3602 ipsorum

168 3607 315 3674 consulum,
333 3608 381 3675 qui
404 3625 497 3659 omnes
518 3608 700 3674 intelligentia
719 3609 871 3676 anteibant,
888 3610 994 3678 judicio
1017 3613 1145 3666 (111161111

181 3685 301 3738 robetae.
334 3685 513 3754 Undeviginti
525 3703 609 3738 annos
622 3691 704 3740 natus
718 3691 776 3736 erat
789 3704 822 3740 ec
835 3692 956 3755 tempore
969 3708 977 3754 ;
994 3692 1147 3744 astantem
