2436 4164
536 320 668 362 nisurus.
925 343 928 350 -
1056 307 1094 363 83

115 471 173 508 esse
198 455 335 523 quendam
361 454 422 510 scio.
474 455 509 508 Id
534 461 575 522 tu,
602 456 698 523 Brute,
719 456 780 524 jam
806 455 951 524 intelliges,
977 474 1040 510 cum
1063 458 1094 512 in

116 533 232 586 Galliam
253 535 378 598 veneris3
397 535 491 588 sndies
504 539 537 587 tu
557 536 669 603 quidem
687 536 772 590 etiam
784 535 868 588 verba
887 536 1014 603 quaedsm
1034 553 1090 588 non

114 612 181 665 trito
203 613 320 677 Romae;
342 613 462 666 sedhaec
484 615 585 666 mutari
611 614 768 680 dediscique
790 618 924 681 possunt;
951 614 1021 666 illud
1048 620 1091 669 est

114 690 212 757 majus,
227 693 301 758 quod
320 692 350 744 in
363 692 474 744 vocibus
493 697 650 745 nostrorum
668 697 807 764 oratorum
824 692 944 744 retinuit¹
960 693 1092 760 quiddam

114 776 143 820 et
155 774 263 822 resonat
276 771 412 822 urbanius
455 771 515 822 Nee
534 771 586 823 hoo
604 771 633 822 in
647 771 799 824 oratoribus
810 771 892 822 modo
905 774 1025 837 apparet,
1043 771 1092 823 sed

114 849 198 899 etiam
216 849 246 900 in
266 850 368 902 ceteris.
416 846 480 905 lta.
504 849 563 916 Ego
581 850 694 902 memini
714 849 743 903 Τ.
761 850 872 901 Tincam
885 848 1087 915 Placentinum,

114 926 252 978 hominem
273 927 474 993 facetissimum,
498 945 560 980 cum
581 927 708 980 familiari
728 932 822 980 nostro
840 927 871 990 Q.
898 927 1001 979 Granio
1020 945 1088 994 prse-

115 1020 181 1054 cone
204 1004 347 1058 dicacitate
367 1010 477 1058 certata
519 1005 597 1072 Eon',
623 1002 715 1074 inquit
736 1006 849 1072 Brutus,
871 1005 981 1072 dequo
1001 1006 1088 1060 multa

114 1081 255 1135 Lucilius?
293 1083 352 1136 Isto
374 1085 433 1151 ipso
445 1103 452 1148 ;
476 1084 524 1136 sed
546 1085 657 1136 'lincam
677 1101 733 1137 non
756 1085 847 1136 minus
868 1084 956 1136 multa
976 1083 1091 1136 ridicule

114 1161 250 1213 dicentem
271 1161 389 1215 Granius
410 1162 543 1214 obruebat
565 1163 656 1215 nescio
678 1179 734 1231 quo
753 1179 847 1230 sapore
870 1161 1037 1226 remacu103
1057 1167 1090 1214 ut

115 1255 164 1305 ego
184 1239 243 1306 jam
262 1257 319 1292 non
338 1241 426 1306 mirer,
443 1241 513 1293 illud
529 1241 715 1308 lbeophrssto
735 1241 862 1294 accidisse
882 1240 957 1308 quod
977 1239 1087 1306 dicitur,

115 1334 177 1369 cum
190 1323 392 1384 percontaretur
415 1335 450 1370 ex
470 1319 577 1372 anicula
590 1320 709 1386 quadam
728 1319 826 1386 quanti
839 1319 943 1386 aliquid
956 1319 1088 1370 venderet

115 1400 143 1446 et
155 1396 337 1462 respondisset
349 1398 396 1450 illa
408 1403 492 1465 atque
504 1398 658 1450 addidisset*
669 1400 689 1426 “
697 1398 786 1464 torpes
799 1414 856 1448 occ
871 1400 934 1463 poto
946 1397 1088 1462 miserie,”

114 1473 210 1526 tulisse
236 1491 299 1526 eum
325 1477 438 1528 moleste
464 1493 493 1528 se
513 1493 568 1528 non
593 1477 710 1543 effingere
730 1475 846 1542 hospitis
872 1475 996 1541 speciem,
1026 1491 1090 1527 oum

115 1557 225 1604 estatem
245 1558 335 1620 egerin
354 1555 471 1606 Athenis
491 1555 646 1622 optimeque
665 1554 830 1621 loqueretur.
874 1552 1001 1618 Omnino,
1018 1553 1090 1604 sicut

19 1645 23 1654 ’
115 1631 218 1697 opinor,
235 1631 265 1683 in
284 1634 383 1686 nostris
403 1633 569 1701 estquidam
589 1633 762 1698 inhonorum,
779 1632 849 1684 sicut
862 1631 918 1682 illic
931 1631 1088 1684 Atticorum

115 1725 204 1762 sonus.
249 1709 302 1762 Sed
316 1711 429 1764 domum
441 1712 591 1778 redeamus,
604 1711 693 1776 idest,
707 1711 858 1763 adnostros
871 1714 1045 1762 revertamur.

154 1787 274 1842 XLVII.
319 1788 383 1846 173.
407 1790 522 1842 Duobus
544 1789 628 1858 igitur
644 1789 767 1856 summis,
790 1788 885 1840 Crasso
904 1791 933 1839 et
955 1787 1088 1853 Antonio,

115 1865 145 1918 1.
169 1865 313 1934 Philippus
331 1869 471 1934 proximus
490 1869 641 1934 accedebat,
664 1867 712 1920 sed
732 1868 814 1935 longo
832 1865 978 1918 intervallo
997 1871 1090 1918 tamen

114 1945 254 2011 proximus
268 1965 275 2008 ;
294 1945 387 2013 itaque
400 1963 470 2012 eum,
491 1946 544 2000 etsi
556 1963 637 1999 nemo
649 1945 834 1998 intercedebat
847 1946 895 2011 qui
908 1961 937 1996 ee
960 1944 1002 1996 illi
1014 1948 1090 1996 ante·

115 2023 208 2089 ferret,
225 2040 314 2090 neque
335 2025 484 2078 secundum
503 2029 596 2077 tamen
617 2041 707 2092 neque
727 2023 842 2075 tertium
862 2021 984 2074 dixerim.
1029 2022 1090 2074 Nec

114 2101 189 2152 enim
212 2101 242 2153 in
265 2103 403 2170 quadrigis
425 2121 488 2156 eum
509 2103 658 2155 secimdum
677 2101 876 2154 numeraverim
896 2104 945 2152 aut
964 2099 1088 2165 tertium,

115 2179 165 2246 qui
177 2179 225 2232 vix
239 2196 253 2231 e
267 2181 416 2234 carceribus
429 2181 533 2247 exierit,
550 2199 612 2233 cum
629 2181 747 2248 palmum
757 2179 817 2246 jem
829 2179 933 2246 primus
946 2179 1089 2244 acceperit,

114 2274 165 2310 nec
184 2256 215 2310 in
227 2260 388 2326 oratoribus,
404 2261 453 2327 qui
473 2263 583 2312 tantum
601 2259 705 2312 absita
724 2259 819 2325 primo,
836 2257 883 2309 vix
895 2260 929 2308 ut
951 2256 980 2308 in
994 2255 1091 2308 eodem

115 2335 249 2388 curriculo
263 2354 320 2390 esse
333 2338 466 2391 videatur.
511 2338 565 2390 Sed
577 2343 670 2390 temen
683 2341 761 2388 erant
774 2353 807 2388 ee
819 2336 849 2387 in
862 2335 1000 2402 Philippo,
1016 2351 1088 2402 quea,

114 2414 166 2481 qui
185 2415 243 2466 sine
263 2417 462 2484 comparatione
481 2416 591 2468 illorum
611 2419 755 2483 spectaret,
770 2414 836 2467 satis
851 2431 951 2481 magne
970 2412 1091 2466 diceret:

115 2507 223 2544 summa
243 2493 353 2553 libertas
379 2495 409 2546 in
430 2495 561 2561 oratione,
584 2495 680 2546 multae
706 2494 830 2556 iccetiee;
858 2492 924 2544 satis
950 2491 1042 2544 creber
1061 2492 1092 2542 in

114 2571 290 2640 reperiendis,
314 2573 420 2626 solutus
441 2573 470 2624 in
493 2573 660 2640 explicandis
683 2571 825 2624 sententiis
837 2590 845 2634 ;
875 2574 933 2623 erat
956 2569 1039 2622 etiam
1061 2569 1092 2620 in

114 2649 218 2716 primis,
234 2655 267 2702 ut
280 2652 447 2719 temporibus
460 2651 523 2718 illis,
539 2651 641 2703 Graecis
654 2651 785 2702 doctrinis
797 2649 952 2714 institutus,
967 2648 997 2700 in
1011 2647 1092 2699 elter-

114 2727 203 2780 cando
223 2745 286 2780 cum
304 2730 397 2796 aliquo
414 2730 508 2782 aculeo
521 2733 550 2782 et
572 2729 717 2782 meledicto
736 2729 848 2780 facetus.
893 2724 957 2784 174.
982 2724 1093 2778 Horum

115 2805 194 2857 aetati
217 2823 299 2874 prope
320 2809 483 2876 conjunctus
503 2808 533 2861 1..
551 2808 656 2860 Gellius
675 2823 732 2858 non
752 2809 811 2858 tam
824 2804 969 2857 vendibilis
990 2807 1090 2869 orator,

115 2884 242 2950 quemvis
254 2879 379 2952 nescires,
394 2887 462 2954 quid
482 2886 508 2938 ei
520 2886 624 2938 deesset
638 2905 645 2950 ;
664 2884 801 2948 necenim
819 2887 878 2936 erat
890 2883 1027 2948 indoctus,
1043 2897 1093 2934 neo

114 2962 213 3014 tardus
226 2963 262 3015 cd
283 2965 500 3032 excogitandum,
517 2981 567 3017 nec
591 2965 775 3016 Romanarum
790 2978 881 3014 rerum
898 2963 1048 3025 immemor,
1065 2965 1093 3011 et

114 3040 207 3095 verbis
219 3041 325 3095 solutus
337 3043 404 3096 satis
415 3061 422 3107 3
442 3043 490 3094 sed
502 3043 531 3095 in
542 3059 654 3110 magnos
666 3046 786 3094 oratores
798 3041 930 3093 inciderat
943 3039 1002 3106 ejus
1016 3042 1089 3089 aetos

80 3185 86 3192 .
115 3118 237 3172 Multam
249 3124 343 3174 tamen
356 3137 465 3188 operam
478 3121 570 3173 amicis
590 3125 618 3174 et
631 3121 728 3172 utilem
747 3119 873 3187 praebuit,
889 3122 972 3185 atque
985 3117 1026 3168 ita
1045 3115 1094 3168 diu

114 3196 194 3263 vixit,
220 3202 254 3250 ut
280 3200 430 3252 multarum
455 3203 570 3252 etatum
603 3198 754 3252 oratoribus
788 3197 978 3264 implicaretur.
1025 3192 1089 3249 175.

115 3274 243 3328 Multum
263 3277 346 3330 etiem
367 3279 397 3330 in
420 3279 507 3330 censis
529 3282 652 3330 versatus
671 3277 768 3328 iisdem
790 3277 846 3328 fere
863 3273 1030 3340 temporibus
1054 3271 1088 3323 D.

115 3352 231 3421 Brutus,
254 3355 278 3408 is
302 3356 351 3423 qni
373 3357 468 3408 consul
490 3373 553 3408 cum
579 3355 716 3407 Mamerco
742 3355 807 3420 fuit,
831 3353 913 3404 homo
936 3354 964 3403 et
991 3349 1094 3401 Greecis

116 3431 217 3484 doctus
229 3433 330 3486 litteris
343 3439 372 3486 et
391 3434 503 3488 Latinis
548 3434 664 3487 Dicebat
683 3433 766 3485 etism
780 3432 810 3484 1..
828 3430 917 3498 Scipio
931 3444 987 3480 non
1007 3426 1091 3495 impe·

114 3510 180 3576 rite,
196 3510 350 3579 Gnaeusque
363 3512 511 3580 Pompeius
524 3511 585 3566 Sex.
603 3511 633 3565 F.
651 3511 770 3578 aliquem
783 3525 927 3562 numerum
940 3504 1059 3559 obtineb·

114 3586 145 3640 N
146 3604 192 3640 om
206 3589 266 3643 Sex.
284 3591 369 3643 irater
388 3591 448 3658 ejus
460 3587 716 3658 praestantissimum
735 3589 875 3655 ingenium
893 3583 1039 3638 contulere·'

114 3681 253 3719 summam
276 3669 349 3735 juris
375 3669 463 3722 civilis
489 3673 517 3722 et
543 3669 579 3722 ad
605 3668 755 3736 perfectam
777 3665 931 3733 geometriae
952 3666 981 3716 et
1004 3679 1023 3714 n

114 3742 263 3798 stoicorum
278 3747 425 3800 scientiam.
461 3746 478 3782 *i
500 3745 517 3781 ⁴⁸
539 3747 557 3784 ³*
577 3751 606 3799 et
626 3750 690 3798 onte
703 3745 753 3798 bos
766 3745 806 3800 M.
825 3744 929 3797 Brutus
942 3762 950 3808 ;
970 3745 1015 3808 etj
