2436 4164
140 245 179 301 66
455 259 489 300 n.
512 259 621 300 runnu
643 258 812 302 cressonis

138 399 173 452 de
197 398 293 452 multis
313 414 396 467 qnam
410 398 485 450 voles
505 397 658 466 Scipionis;
677 415 733 452 non
747 415 803 467 quc
816 398 864 452 illa
878 398 955 452 Lrelii
975 400 1124 470 quicquam

139 480 176 532 ait
198 478 314 545 dulcius,
337 482 385 530 aut
408 495 463 546 quo
486 477 521 530 de
544 477 674 546 religione
697 478 752 530 dici
774 479 860 548 possit
884 475 1027 546 augustius
1039 500 1046 544 ;
1074 482 1123 534 sed

138 559 226 610 multo
250 563 343 610 tamen
367 558 501 610 vetustior
524 561 552 609 et
573 557 708 610 horridior
728 557 775 610 ille
795 575 877 626 quam
891 557 981 626 Scipio
1005 565 1042 626 11,
1059 577 1123 614 cnm

138 637 194 690 sint
208 638 238 690 in
251 637 367 690 dicendo
382 637 462 688 variae
476 636 642 703 voluntates,
658 637 788 690 delectari
807 637 876 690 mihi
895 639 982 706 magis
1001 640 1122 708 antiqui·

138 722 196 769 tate
219 716 330 770 videtur
353 721 382 768 et
404 716 522 768 libenter
545 716 635 768 verbis
658 717 741 769 etiarn
761 717 804 770 uti
825 717 908 785 paulo
921 719 1007 785 magis
1027 719 1124 786 priscis

138 795 246 848 Laelius
292 798 337 849 84.
360 795 413 847 Sed
427 800 468 846 est
482 811 540 847 mos
553 795 706 860 hominum,
715 800 748 848 ut
761 796 851 848 nolint
864 796 983 848 eundem
996 797 1124 865 pluribus

137 877 220 927 rebus
239 875 382 928 excellere.
423 873 497 926 Nam
517 879 550 926 ut
570 891 603 926 ex
625 875 721 928 bellica
734 875 816 928 laude
836 876 955 942 aspirare
967 877 1002 930 ad
1015 877 1122 930 Africa-

138 972 205 1006 num
228 970 309 1006 nemo
330 957 431 1020 potest,
445 953 475 1006 in
489 971 544 1020 qua
560 953 620 1021 ipsa
639 955 777 1022 egregium
790 954 912 1006 Viriathi
935 955 1007 1008 bello
1020 957 1122 1024 reperi-

138 1051 199 1084 mus
209 1033 292 1084 fuisse
303 1032 419 1084 Laelium
431 1051 437 1086 ι
452 1033 490 1084 sic
498 1033 609 1100 ingenii,
621 1034 785 1100 litterarum,
796 1035 969 1102 eloquentiae,
980 1035 1124 1102 sapientiae

138 1113 266 1180 denique,
281 1113 335 1164 etsi
357 1112 468 1180 utrique
489 1113 599 1180 primas,
615 1113 717 1180 priores
741 1117 834 1166 tamen
854 1113 972 1166 libenter
991 1113 1123 1168 defemnt

138 1191 229 1244 Laelio.
276 1191 335 1244 Nec
348 1191 417 1244 mihi
437 1195 588 1244 ceterorum
604 1192 711 1260 judicio
734 1193 823 1245 solum
837 1192 957 1260 videtur,
974 1193 1021 1245 sed
1035 1193 1121 1246 etiam

138 1271 260 1338 ipsorum
283 1270 356 1323 inter
376 1271 449 1338 ipsos
473 1287 601 1324 concessu
623 1271 665 1324 ita
686 1273 823 1324 tributum
846 1272 938 1326 fuisse
983 1274 1027 1326 85.
1053 1271 1123 1326 Erat

138 1351 250 1402 omnino
264 1357 325 1402 turn
346 1367 414 1417 mos,
431 1355 464 1403 ut
482 1351 512 1402 in
532 1350 644 1418 reliquis
663 1351 745 1404 rebus
767 1353 870 1418 melior,
888 1352 927 1404 sio
946 1351 975 1404 in
989 1352 1042 1404 hoc
1061 1352 1123 1420 ipso

138 1430 291 1499 humanior,
304 1434 337 1482 ut
350 1430 444 1484 faciles
457 1434 547 1482 essent
560 1430 590 1482 in
603 1447 684 1483 suum
697 1431 795 1500 cuique
809 1431 963 1484 tribuendo

179 1510 276 1563 XXII.
308 1509 442 1562 Memoria
468 1513 549 1562 teneo
570 1508 694 1577 Smyrnae
719 1528 764 1564 me
790 1527 825 1564 ex
853 1511 884 1564 P.
910 1510 1019 1564 Rutilio
1045 1510 1123 1564 Rufo

138 1589 255 1655 audisse,
271 1606 334 1642 cum
355 1589 459 1641 diceret
482 1589 685 1642 adolescentulo
705 1607 734 1642 se
754 1589 890 1656 accidisse,
907 1594 940 1642 111
959 1607 994 1642 ex
1008 1595 1121 1643 senatus

139 1669 263 1722 consulto
287 1668 318 1722 P.
343 1668 433 1736 Scipio
455 1673 484 1720 et
507 1667 541 1722 D.
564 1668 677 1736 Brutus,
700 1673 733 1722 ut
757 1670 864 1738 opinor,
885 1669 1010 1722 consules
1033 1669 1067 1722 de
1091 1687 1123 1722 re

138 1747 223 1800 atroci
246 1765 398 1816 magnaque
426 1752 587 1814 quaererent.
632 1748 707 1801 Nam
728 1767 791 1802 cum
814 1749 845 1800 in
872 1749 942 1800 silva
964 1747 1021 1801 Sila
1047 1750 1122 1802 facta

139 1827 226 1879 caedes
239 1834 310 1880 esset
323 1827 438 1894 notique
447 1826 571 1879 homines
584 1827 721 1880 interiecti
733 1828 992 1895 insimulareturque
1005 1828 1119 1893 familia,

138 1907 239 1974 partim
253 1907 336 1959 etiam
349 1906 428 1958 liberi
449 1907 586 1959 societatis
600 1906 670 1974 ejus,
686 1924 749 1975 quae
762 1907 924 1976 1111111111
938 1907 969 1960 P.
984 1906 1119 1971 Cornelio,

139 1985 169 2038 L.
187 1985 324 2038 Mummio
337 1985 493 2038 censoribus
505 1986 673 2053 redemisset,
688 1987 838 2040 (1111111111
852 1990 979 2039 senatum
994 1987 1122 2040 11111111
1207 2007 1208 2014 ¹

138 2083 167 2117 re
181 2071 372 2134 cognoscerent
385 2069 414 2117 et
427 2069 580 2118 statuerent
594 2066 725 2121 consules.
769 2069 816 2121 86.
841 2065 956 2118 Causam
969 2082 1020 2134 pro
1031 2067 1122 2134 publi-

139 2145 369 2212 111111111111111,
394 2149 428 2198 ut
451 2161 557 2213 semper
580 2146 677 2198 solitus
703 2150 783 2214 esset,
809 2145 1001 2213 eleganterque
1021 2145 1123 2198 dixisse

139 2224 262 2279 Laelium.
306 2225 376 2278 Gum
397 2225 521 2278 consules
544 2241 573 2276 11
593 2225 688 2278 audita
710 2224 871 2293 “amplius''
884 2224 919 2276 de
933 2223 1040 2276 consilii
1061 2241 1122 2278 sen·

137 2305 227 2357 tentia
240 2303 480 2372 pronutiavissent,
497 2302 590 2370 paucis
602 2305 771 2372 interpositis
784 2304 881 2358 diebus
893 2303 995 2358 iterum
1005 2303 1121 2358 Laelium

139 2383 229 2436 multo
242 2383 403 2452 diligentius
413 2383 566 2448 meliusque
586 2382 694 2449 dixisse,
711 2383 866 2452 iterumque
886 2383 983 2436 eodem
1003 2383 1085 2436 modo
1105 2402 1123 2436 a

139 2463 295 2516 consulibus
315 2480 374 2516 rem
395 2479 453 2516 esse
475 2461 616 2529 prolatam.
660 2461 731 2514 'him
744 2461 870 2529 Iselium,
885 2479 948 2514 cum
970 2479 1033 2514 eum
1055 2463 1121 2516 socii

138 2543 252 2594 domurn
277 2542 451 2596 reduxissent
484 2540 657 2608 egissentque
682 2541 782 2608 gratias
808 2545 838 2594 et
864 2557 900 2594 ne
926 2541 1124 2609 defatigaretur

139 2621 299 2688 oravissent,
322 2621 446 2673 locutum
467 2636 525 2672 esse
547 2619 608 2672 ita:
629 2637 667 2686 se,
683 2637 745 2687 quae
761 2621 879 2688 fecisset,
894 2620 1006 2673 honoris
1027 2637 1122 2674 eorum

139 2719 220 2754 causa
243 2700 363 2752 studiose
390 2703 569 2766 accurateque
591 2699 706 2764 faciem
732 2699 780 2752 sed
801 2717 830 2752 se
853 2699 990 2767 arbitrari,
1012 2717 1121 2754 causam

138 2781 214 2832 illam
228 2797 245 2832 a
259 2779 313 2832 Ser.
328 2779 425 2845 Galba,
438 2777 512 2846 quod
525 2778 549 2830 is
562 2778 592 2830 in
602 2778 719 2832 dicendo
732 2779 872 2832 ardentior
884 2780 1025 2848 acriorque
1039 2785 1120 2846 esset,

139 2859 248 2926 gravius
281 2862 309 2909 et
336 2857 525 2910 vehementius
558 2875 636 2924 posse
662 2859 781 2912 defendi.
825 2858 925 2926 Itaque
958 2859 1123 2912 auctoritate

140 2937 167 2990 Ο.
186 2936 265 2988 Laelii
278 2935 437 3002 publicanos
451 2953 559 2988 causam
574 2937 704 2990 detulisse
718 2939 754 2991 ad
768 2939 885 2992 Galbam
898 2958 905 3002 ;
924 2937 1003 2990 illum
1017 2948 1120 3004 autem,

141 3015 217 3084 quod
235 3015 260 3067 ei
274 3015 332 3067 viro
346 3014 545 3066 succedendum
567 3021 646 3083 esset,
664 3017 815 3070 verecunde
828 3026 856 3070 11
870 3017 1030 3068 dubitanter
1049 3033 1122 3070 rece-

140 3096 218 3164 pisse.
264 3095 309 3149 87.
335 3093 430 3146 Unum
444 3093 523 3160 quasi
536 3096 792 3162 comperendinatus
805 3095 927 3148 medium
940 3093 1013 3146 diem
1025 3094 1119 3160 fuisse,

140 3193 223 3244 quem
245 3179 336 3228 totum
362 3173 478 3225 Galbam
504 3173 535 3224 in
556 3175 751 3227 consideranda
774 3190 855 3226 causa
881 3171 1122 3240 componendaque

140 3256 261 3323 posuisse
276 3275 283 3318 ;
303 3259 407 3306 etcum
422 3252 584 3320 cognitionis
597 3254 740 3306 1111111111
761 3257 789 3304 et
809 3253 866 3319 ipse
879 3250 1004 3304 Rutilius
1023 3256 1122 3319 rogatu

141 3335 275 3387 sociorum
289 3330 401 3385 domum
415 3331 451 3384 ad
465 3331 581 3384 Galbam
605 3350 684 3384 mane
698 3331 825 3397 venisset,
841 3335 874 3383 ut
887 3346 951 3382 eum
963 3329 1124 3385 admoneret

141 3419 170 3466 11
183 3413 218 3465 ad
232 3411 342 3464 dicendi
355 3417 464 3478 tempus
478 3411 635 3477 adduceret,
651 3428 739 3478 usque
756 3410 846 3477 illum,
862 3409 953 3478 quoad
967 3409 993 3462 ei
1013 3411 1123 3464 nuntia·
1207 3427 1208 3430 ’

141 3499 202 3544 tum
216 3496 286 3544 esset
300 3491 424 3544 consules
437 3489 616 3556 descendisse,
631 3490 759 3544 omnibus
773 3489 890 3543 exclusis
910 3495 1124 3544 commentatum

140 3573 168 3600 ²*
184 3571 303 3639 quadam
326 3570 466 3623 testudine
489 3587 551 3622 curn
576 3570 660 3622 servis
681 3570 811 3624 litteratis
833 3569 926 3636 fuisse,
942 3586 1059 3638 quorum
1079 3572 1126 3624 alii

201 3652 216 3701 rl
230 3651 334 3702 dictare
356 3650 453 3702 eodem
466 3654 588 3718 tempore
609 3649 706 3702 solitus
724 3654 802 3703 esset
846 3648 964 3702 Interim
978 3666 1041 3703 cum
1054 3656 1125 3704 esset

213 3729 341 3781 mtiatum
355 3734 465 3797 tempus
479 3746 545 3797 esse,
557 3729 645 3782 exisse
658 3730 689 3783 in
701 3729 774 3784 sedes
787 3745 819 3784 11
833 3729 922 3782 colore
936 3733 965 3782 et
978 3729 1017 3783 eis
1030 3730 1124 3796 oculis,
