2456 4162
135 298 192 356 108
452 311 487 354 se.
508 311 618 353 runnu
640 310 807 354 oronaorrs

134 453 273 509 elioruml
316 450 564 519 “Thucydidem”
586 449 688 519 inquit,
713 449 914 505 “imitamen’'
955 450 1077 520 Optime,
1099 452 1126 503 si'

134 533 278 588 historiam
298 531 424 596 scribere,
439 529 533 582 nonai
552 547 647 583 eausss
660 529 749 582 dicere
770 529 902 598 cogitatis.
947 530 1123 598 Thucydides

136 614 209 667 enim
228 629 321 666 rerum
341 613 479 678 gestarum
499 608 693 677 pronuntiator
712 609 842 676 sincerus,
859 615 887 662 et
907 609 1018 677 grandis
1037 610 1123 663 etiam

135 693 189 746 fuit
203 711 211 756 ;
231 692 283 744 hoc
295 691 411 756 forense,
425 688 661 754 concertatorium,
674 687 805 756 judiciale
818 704 875 740 non
882 689 1013 742 mactavit
1026 705 1120 758 genus.
1218 682 1219 692 ¹

137 771 280 825 Orationes
303 773 397 822 autem
419 784 487 835 quas
510 767 685 835 interposuit,
701 767 797 819 multae
817 767 891 819 enim
911 772 987 835 sunt,
1003 785 1049 822 eas
1072 785 1122 836 ego

136 850 247 904 laudare
268 849 361 912 soleo;
387 847 490 900 imitari
509 863 599 914 neque
619 845 728 914 possim,
745 846 769 898 si
788 846 880 913 velim,
895 864 946 900 nec
965 847 1049 900 velim
1069 848 1123 900 ior·

137 929 256 990 tasse,si
279 927 386 996 possim
431 925 472 983 Ut
495 925 601 993 siquis
621 923 737 978 Falerno
758 925 823 978 vino
843 925 1005 994 delectetur,
1020 926 1070 980 sed
1090 944 1123 979 eo

140 1025 190 1062 nec
211 1008 252 1060 ita
272 1023 352 1071 novo,
370 1009 404 1057 ut
425 1004 556 1072 proximis
577 1005 734 1058 oonsulibus
753 1008 852 1057 natum
870 1005 945 1072 velit,
962 1023 1014 1060 neo
1026 1023 1123 1058 rursus

137 1089 177 1140 ita
198 1091 290 1139 vetere
311 1089 345 1138 ut
367 1083 507 1152 Opimium
530 1088 579 1136 aut
592 1083 720 1136 Anicium
744 1083 884 1136 consulem
897 1085 1125 1153 quaerat-atqui

137 1167 182 1219 hae
195 1169 269 1218 note
283 1167 349 1217 sunt
362 1164 481 1232 optimae,
499 1163 589 1229 credo,
604 1163 653 1216 sed
666 1162 751 1216 nimia
764 1167 888 1216 vetustas
901 1181 952 1217 nec
965 1164 1049 1217 habet
1063 1181 1125 1216 eam

138 1261 221 1314 quem
235 1243 383 1311 quaerimus
395 1241 569 1308 suavitatem,
584 1259 635 1294 nec
648 1246 690 1296 est
706 1242 765 1310 jam
785 1259 850 1295 sane
863 1243 1120 1298 tolerabilis—288.

139 1341 206 1378 num
215 1323 300 1392 igitur
313 1322 361 1390 qui
368 1322 420 1374 hoo
430 1321 541 1388 sentiat,
551 1321 575 1374 si
584 1321 608 1374 is
617 1326 712 1388 potare
720 1321 795 1389 velit,
807 1321 841 1374 de
851 1322 925 1375 dolio
935 1323 988 1376 sibi
997 1322 1126 1376 haurien-

140 1404 207 1456 dum
234 1402 338 1471 putetl
357 1400 495 1466 Minime,
521 1400 568 1453 sed
596 1400 736 1468 quandam
762 1405 894 1470 sequatur
915 1405 1033 1457 aetetem.
1080 1400 1126 1455 Sic

140 1499 190 1551 ego
213 1482 275 1534 istis
298 1481 450 1534 censuerim
471 1485 500 1532 et
521 1495 622 1532 novam
642 1479 733 1546 istam,
751 1480 830 1548 quasi
843 1481 878 1533 de
891 1485 984 1534 musto
997 1498 1029 1534 ac
1049 1481 1123 1548 lacu,

140 1561 276 1615 fervidam
289 1560 440 1612 orationem
453 1558 620 1627 fugiendam,
636 1575 687 1610 nec
700 1558 773 1610 illam
783 1559 941 1627 praeclaram
954 1560 1126 1628 Thucydidis

140 1641 222 1694 nimis
234 1645 365 1705 veterem,
377 1641 510 1706 tanquam
523 1637 686 1690 Anicianam
699 1643 794 1690 notem
807 1639 1028 1708 persequendam.
1061 1640 1126 1708 Ipse

142 1719 216 1772 enim
229 1716 403 1786 Thucydides
423 1717 446 1768 si
465 1717 600 1785 posterius
613 1716 720 1784 fuisset,
735 1717 824 1770 multo
837 1718 971 1772 maturior
983 1718 1082 1771 fuisset
1097 1724 1127 1772 et

141 1798 241 1852 mitior.
288 1795 533 1848 “Demosthenem
546 1795 631 1864 igitur
643 1796 812 1850 imitemur.”

152 1887 157 1902 ·
181 1873 344 1929 LXXXIV.
382 1876 447 1928 289.
472 1873 540 1928 Odi
552 1875 635 1928 boui!
656 1875 732 1943 quid,
744 1892 846 1944 quaeso,
858 1893 909 1930 nos
918 1876 993 1929 aliud
1007 1877 1125 1945 minus,

143 1961 192 2010 aut
219 1955 284 2024 quid
313 1954 389 2007 eliud
415 1953 564 2021 optamus?
603 1955 643 2007 At
669 1971 725 2007 uon
751 1955 928 2024 assequimur.
972 1955 1025 2009 Isti
1051 1956 1128 2008 enim

143 2035 271 2089 videlicet
285 2033 373 2088 Attici
393 2033 490 2101 nostri,
516 2033 590 2102 quod
617 2033 724 2101 volunt,
748 2038 937 2103 assequuntur.
982 2035 1027 2088 Ne
1054 2035 1128 2089 illud

144 2115 255 2184 quidem
275 2113 443 2181 iutelligrmt,
459 2129 516 2165 non
535 2113 619 2165 modo
630 2113 672 2165 ita
685 2114 822 2166 memoriae
833 2111 974 2183 proditum
994 2131 1061 2182 esse,
1077 2115 1128 2168 sed

143 2195 184 2248 ita
206 2211 314 2247 necesse
335 2193 429 2259 fuisse,
452 2209 515 2244 cum
538 2192 736 2245 Demosthenes
762 2193 886 2246 dicimus
912 2197 991 2260 esset,
1006 2198 1040 2246 ut
1063 2211 1129 2248 con-

144 2290 238 2326 cursus
264 2271 395 2326 audiendi
421 2288 502 2324 causa
528 2288 563 2323 ex
586 2275 646 2324 tota
667 2270 772 2324 Graecia
795 2271 911 2336 fierent3
941 2277 971 2324 at
992 2289 1056 2326 cum
1079 2273 1130 2326 isti

145 2351 233 2405 Attici
256 2351 362 2416 dictmt,
377 2366 438 2414 nou¹
453 2350 535 2402 modo
555 2367 572 2402 a
593 2367 701 2417 corone,
717 2351 791 2418 quod
805 2355 847 2404 est
859 2351 949 2419 ipsum
962 2351 1127 2420 miserabile,

145 2430 298 2484 sedetiam
321 2428 356 2482 ab
379 2427 518 2480 advocatis
544 2428 745 2496 relinquuntur.
790 2429 879 2493 Quare
906 2430 930 2482 si
955 2435 1071 2499 anguste
1099 2437 1130 2486 et

145 2508 254 2563 exiliter
267 2508 355 2561 dicere
369 2510 411 2558 eet
423 2507 589 2574 Atticorum,
605 2507 662 2559 rint
674 2525 739 2560 sane
752 2509 841 2561 Attici
852 2528 859 2573 ;
880 2509 971 2562 sedin
985 2510 1131 2563 comitium

146 2587 268 2654 veniant,
284 2586 320 2640 ad
341 2590 462 2639 stantem
482 2584 605 2652 judicem
626 2585 738 2640 dicant:
759 2587 887 2641 subsellia
910 2589 1083 2656 grandiorem
1100 2594 1131 2643 et

146 2667 297 2736 pleniorem
309 2681 404 2719 vocem
417 2664 580 2718 desiderant.
620 2667 685 2718 290.
709 2665 782 2718 Volo
795 2666 847 2720 hoo
860 2667 961 2722 oratori
974 2668 1129 2736 contingat,

146 2749 188 2813 ut,
198 2763 262 2799 cum
271 2743 398 2798 auditum
411 2743 447 2796 sit
460 2761 524 2796 eum
537 2761 595 2796 esse
608 2743 756 2812 dicturum,
771 2745 847 2798 locus
860 2745 890 2798 in
903 2747 1038 2799 subselliis
1051 2764 1132 2801 occu·

146 2828 236 2893 petur,
260 2823 428 2892 compleatur
447 2822 579 2889 tribunal,
601 2823 713 2890 gratiosi
735 2823 831 2877 scribes
854 2824 910 2878 sint
932 2825 962 2878 in
987 2826 1081 2880 dando
1102 2833 1133 2880 et

150 2902 274 2956 cedendo
286 2903 356 2969 loco,
371 2918 471 2955 corona
489 2901 644 2969 multiplex,
657 2901 745 2970 judex
758 2909 864 2956 erectus
878 2923 885 2968 ;
905 2921 968 2957 cum
981 2910 1076 2973 surgat
1094 2905 1131 2972 is,

147 2980 196 3050 qui
209 2980 333 3034 dicturus
352 2980 398 3046 eit,
413 2979 581 3047 significetur
592 2997 610 3032 a
623 2997 722 3033 corona
741 2981 891 3049 silentium,
906 2983 1006 3036 deinde
1028 2985 1133 3038 crebrae

147 3058 325 3126 assensiones,
340 3059 435 3111 multae
456 3058 668 3124 admirationes;
688 3059 766 3128 risus,
787 3077 849 3113 cum
870 3061 947 3128 velit,
968 3079 1031 3115 cum
1051 3064 1132 3130 velit,

148 3139 249 3193 fletus:
268 3141 310 3204 ut,
327 3137 376 3206 qui
388 3137 447 3190 haec
459 3137 555 3204 procul
567 3137 670 3205 videat,
686 3139 792 3192 etiamsi
806 3140 873 3208 quid
893 3145 998 3209 agetis,
1014 3143 1133 3210 nesciet,

147 3223 178 3272 at
200 3217 305 3287 placere
324 3220 427 3283 tamen,
443 3220 472 3269 et
494 3216 524 3268 in
546 3233 626 3270 scena
644 3233 702 3270 esse
716 3217 848 3272 Roscium
870 3219 1015 3288 intelligat.
1059 3221 1134 3274 Haec
1160 3224 1170 3234 “

148 3298 194 3352 oui
213 3295 383 3364 contingant,
398 3313 462 3348 eum
475 3295 543 3348 scito
556 3296 649 3348 Attice
666 3296 762 3364 dicere,
779 3302 813 3350 ut
825 3298 860 3352 de
873 3297 978 3352 Pericle
992 3299 1133 3368 audimus,

147 3381 182 3430 ut
203 3377 238 3429 de
261 3375 413 3444 Hyperide,
445 3374 480 3427 de
501 3374 643 3443 AEsohine,
666 3376 701 3428 de
724 3377 784 3445 ipso
806 3377 917 3444 quidem
944 3377 1135 3433 Demosthene

148 3455 274 3509 maxime.
320 3456 385 3508 291.
410 3454 458 3507 Sin
471 3457 564 3507 autem
577 3458 699 3522 acutum,
713 3455 843 3523 prudens,
859 3461 887 3510 et
900 3456 973 3510 idem
984 3458 1134 3527 sincerum,

149 3539 178 3586 at
204 3534 331 3600 solidum,
347 3537 376 3586 et
402 3534 567 3586 exsiccatum
593 3551 680 3601 genus
706 3535 837 3588 orationis
863 3537 990 3604 probant,
1012 3553 1064 3590 nec
1083 3538 1137 3591 illo

151 3613 272 3677 praviore
292 3616 391 3665 omatu
405 3613 522 3665 oratorio
535 3616 664 3678 utuntur,
680 3617 709 3665 et
728 3614 781 3666 hoc
799 3615 941 3682 proprium
954 3633 1011 3668 esse
1025 3617 1136 3670 Attico-

170 3707 212 3742 rm
231 3692 351 3745 volunt:
370 3695 443 3744 recte
464 3691 599 3755 laudent;
626 3696 669 3743 est
688 3693 762 3744 enim
781 3693 810 3744 iu
831 3697 889 3745 erte
909 3698 998 3762 tanta,
1020 3699 1137 3765 tamque

174 3769 234 3836 aria,
250 3770 332 3822 etiam
355 3770 420 3823 huic
442 3769 557 3822 minutae
579 3770 726 3822 subtilitati
746 3771 829 3826 locus.
873 3770 918 3825 Ita
941 3773 997 3841 fiet,
1019 3777 1053 3827 ut
1076 3793 1137 3830 non
