<?xml version="1.0" encoding="UTF-8"?>
<!DOCTYPE html PUBLIC "-//W3C//DTD XHTML 1.0 Transitional//EN"
    "http://www.w3.org/TR/xhtml1/DTD/xhtml1-transitional.dtd">
<html xmlns="http://www.w3.org/1999/xhtml" xml:lang="en" lang="en">
 <head>
  <title>
</title>
<meta http-equiv="Content-Type" content="text/html;charset=utf-8" />
  <meta name='ocr-system' content='tesseract 3.04.00' />
  <meta name='ocr-capabilities' content='ocr_page ocr_carea ocr_par ocr_line ocrx_word'/>
</head>
<body>
  <div class='ocr_page' id='page_1' title='image "./catomajorlacliu00cicegoog_0123.png"; bbox 0 0 2456 4162; ppageno 0'>
   <div class='ocr_carea' id='block_1_1' title="bbox 159 283 828 340">
    <p class='ocr_par' dir='ltr' id='par_1_1' title="bbox 159 283 828 340">
     <span class='ocr_line' id='line_1_1' title="bbox 159 283 828 340; baseline -0.007 0"><span class='ocrx_word' id='word_1_1' title='bbox 159 283 217 340; x_wconf 92' lang='grc'><strong>110</strong></span> <span class='ocrx_word' id='word_1_2' title='bbox 473 296 509 340; x_wconf 83' lang='lat' dir='ltr'><strong>u.</strong></span> <span class='ocrx_word' id='word_1_3' title='bbox 530 297 640 340; x_wconf 82' lang='lat' dir='ltr'><strong>runnu</strong></span> <span class='ocrx_word' id='word_1_4' title='bbox 661 295 828 338; x_wconf 64' lang='lat' dir='ltr'><strong>oroscopus</strong></span> 
     </span>
    </p>
   </div>
   <div class='ocr_carea' id='block_1_2' title="bbox 150 435 1142 3804">
    <p class='ocr_par' dir='ltr' id='par_1_2' title="bbox 154 435 1142 2001">
     <span class='ocr_line' id='line_1_2' title="bbox 157 435 1142 505; baseline -0.004 -14"><span class='ocrx_word' id='word_1_5' title='bbox 157 437 297 504; x_wconf 69' lang='lat' dir='ltr'><strong>Africano,</strong></span> <span class='ocrx_word' id='word_1_6' title='bbox 323 436 358 490; x_wconf 88' lang='lat' dir='ltr'><strong>de</strong></span> <span class='ocrx_word' id='word_1_7' title='bbox 381 436 475 503; x_wconf 77' lang='lat' dir='ltr'><strong>Laelio,</strong></span> <span class='ocrx_word' id='word_1_8' title='bbox 499 436 578 505; x_wconf 90' lang='lat' dir='ltr'><strong>cujus</strong></span> <span class='ocrx_word' id='word_1_9' title='bbox 601 439 634 489; x_wconf 91' lang='lat' dir='ltr'><strong>tu</strong></span> <span class='ocrx_word' id='word_1_10' title='bbox 658 436 780 488; x_wconf 87' lang='lat' dir='ltr'><strong>oratione</strong></span> <span class='ocrx_word' id='word_1_11' title='bbox 803 453 886 502; x_wconf 81' lang='lat' dir='ltr'><strong>negas</strong></span> <span class='ocrx_word' id='word_1_12' title='bbox 910 435 970 488; x_wconf 89' lang='lat' dir='ltr'><strong>fieri</strong></span> <span class='ocrx_word' id='word_1_13' title='bbox 993 436 1142 504; x_wconf 86' lang='lat' dir='ltr'><strong>quicquam</strong></span> 
     </span>
     <span class='ocr_line' id='line_1_3' title="bbox 157 515 1142 584; baseline -0.002 -14"><span class='ocrx_word' id='word_1_14' title='bbox 157 533 236 584; x_wconf 88' lang='lat' dir='ltr'><strong>posse</strong></span> <span class='ocrx_word' id='word_1_15' title='bbox 248 516 364 583; x_wconf 89' lang='lat' dir='ltr'><strong>dulcius,</strong></span> <span class='ocrx_word' id='word_1_16' title='bbox 380 516 459 569; x_wconf 86' lang='lat' dir='ltr'><strong>addis</strong></span> <span class='ocrx_word' id='word_1_17' title='bbox 472 516 556 569; x_wconf 87' lang='lat' dir='ltr'><strong>etiam</strong></span> <span class='ocrx_word' id='word_1_18' title='bbox 569 515 660 568; x_wconf 87' lang='lat' dir='ltr'><strong>neseio</strong></span> <span class='ocrx_word' id='word_1_19' title='bbox 674 515 741 583; x_wconf 90' lang='lat' dir='ltr'><strong>quid</strong></span> <span class='ocrx_word' id='word_1_20' title='bbox 755 515 904 582; x_wconf 84' lang='lat' dir='ltr'><strong>augustius.</strong></span> <span class='ocrx_word' id='word_1_21' title='bbox 949 515 1071 568; x_wconf 80' lang='lat' dir='ltr'><strong>Nomine</strong></span> <span class='ocrx_word' id='word_1_22' title='bbox 1091 533 1142 568; x_wconf 90' lang='lat' dir='ltr'><strong>nos</strong></span> 
     </span>
     <span class='ocr_line' id='line_1_4' title="bbox 158 593 1141 664; baseline -0.003 -15"><span class='ocrx_word' id='word_1_23' title='bbox 158 596 232 664; x_wconf 88' lang='lat' dir='ltr'><strong>capis</strong></span> <span class='ocrx_word' id='word_1_24' title='bbox 250 596 352 649; x_wconf 87' lang='lat' dir='ltr'><strong>summi</strong></span> <span class='ocrx_word' id='word_1_25' title='bbox 363 595 425 661; x_wconf 82' lang='lat' dir='ltr'><strong>viri,</strong></span> <span class='ocrx_word' id='word_1_26' title='bbox 445 595 566 663; x_wconf 71' lang='lat' dir='ltr'><strong>riteque</strong></span> <span class='ocrx_word' id='word_1_27' title='bbox 589 595 796 662; x_wconf 83' lang='lat' dir='ltr'><strong>elegantissimae</strong></span> <span class='ocrx_word' id='word_1_28' title='bbox 818 593 965 646; x_wconf 80' lang='lat' dir='ltr'>verissimis</span> <span class='ocrx_word' id='word_1_29' title='bbox 988 594 1141 657; x_wconf 88' lang='lat' dir='ltr'><strong>laudibus;</strong></span> 
     </span>
     <span class='ocr_line' id='line_1_5' title="bbox 157 670 1141 740; baseline -0.002 -12"><span class='ocrx_word' id='word_1_30' title='bbox 157 691 267 728; x_wconf 86' lang='lat' dir='ltr'><strong>remove</strong></span> <span class='ocrx_word' id='word_1_31' title='bbox 289 675 367 728; x_wconf 83' lang='lat' dir='ltr'><strong>haee:</strong></span> <span class='ocrx_word' id='word_1_32' title='bbox 395 691 439 726; x_wconf 81' lang='lat' dir='ltr'><strong>noe</strong></span> <span class='ocrx_word' id='word_1_33' title='bbox 460 675 514 726; x_wconf 83' lang='lat' dir='ltr'><strong>ista</strong></span> <span class='ocrx_word' id='word_1_34' title='bbox 536 670 626 726; x_wconf 88' lang='lat' dir='ltr'><strong>dulcis</strong></span> <span class='ocrx_word' id='word_1_35' title='bbox 646 673 733 726; x_wconf 88' lang='lat' dir='ltr'><strong>oratio</strong></span> <span class='ocrx_word' id='word_1_36' title='bbox 759 673 800 725; x_wconf 88' lang='lat' dir='ltr'><strong>ita</strong></span> <span class='ocrx_word' id='word_1_37' title='bbox 822 673 859 724; x_wconf 88' lang='lat' dir='ltr'><strong>sit</strong></span> <span class='ocrx_word' id='word_1_38' title='bbox 882 673 997 740; x_wconf 84' lang='lat' dir='ltr'><strong>abjecta,</strong></span> <span class='ocrx_word' id='word_1_39' title='bbox 1023 677 1056 725; x_wconf 89' lang='lat' dir='ltr'><strong>ut</strong></span> <span class='ocrx_word' id='word_1_40' title='bbox 1080 691 1141 726; x_wconf 85' lang='lat' dir='ltr'><strong>eam</strong></span> 
     </span>
     <span class='ocr_line' id='line_1_6' title="bbox 158 751 1141 822; baseline -0.002 -15"><span class='ocrx_word' id='word_1_41' title='bbox 158 755 275 822; x_wconf 85' lang='lat' dir='ltr'><strong>aspicere</strong></span> <span class='ocrx_word' id='word_1_42' title='bbox 301 770 382 806; x_wconf 87' lang='lat' dir='ltr'><strong>nemo</strong></span> <span class='ocrx_word' id='word_1_43' title='bbox 405 752 480 804; x_wconf 86' lang='lat' dir='ltr'><strong>velit.</strong></span> <span class='ocrx_word' id='word_1_44' title='bbox 526 754 591 806; x_wconf 82' lang='lat'><strong>296.</strong></span> <span class='ocrx_word' id='word_1_45' title='bbox 623 751 774 804; x_wconf 75' lang='lat' dir='ltr'>Carbonem</span> <span class='ocrx_word' id='word_1_46' title='bbox 798 752 828 804; x_wconf 92' lang='lat' dir='ltr'><strong>in</strong></span> <span class='ocrx_word' id='word_1_47' title='bbox 851 752 964 804; x_wconf 92' lang='lat' dir='ltr'><strong>summis</strong></span> <span class='ocrx_word' id='word_1_48' title='bbox 985 753 1141 806; x_wconf 87' lang='lat' dir='ltr'><strong>oratoribus</strong></span> 
     </span>
     <span class='ocr_line' id='line_1_7' title="bbox 157 830 1139 899; baseline -0.003 -13"><span class='ocrx_word' id='word_1_49' title='bbox 157 833 283 886; x_wconf 85' lang='lat' dir='ltr'><strong>habitum</strong></span> <span class='ocrx_word' id='word_1_50' title='bbox 302 833 379 896; x_wconf 87' lang='lat' dir='ltr'><strong>seio;</strong></span> <span class='ocrx_word' id='word_1_51' title='bbox 400 831 447 884; x_wconf 90' lang='lat' dir='ltr'><strong>sed</strong></span> <span class='ocrx_word' id='word_1_52' title='bbox 461 848 525 884; x_wconf 89' lang='lat' dir='ltr'><strong>cum</strong></span> <span class='ocrx_word' id='word_1_53' title='bbox 545 831 640 883; x_wconf 88' lang='lat' dir='ltr'><strong>ceteris</strong></span> <span class='ocrx_word' id='word_1_54' title='bbox 659 830 749 896; x_wconf 90' lang='lat' dir='ltr'><strong>rebus,</strong></span> <span class='ocrx_word' id='word_1_55' title='bbox 765 835 826 882; x_wconf 89' lang='lat' dir='ltr'><strong>tum</strong></span> <span class='ocrx_word' id='word_1_56' title='bbox 839 830 868 882; x_wconf 89' lang='lat' dir='ltr'><strong>in</strong></span> <span class='ocrx_word' id='word_1_57' title='bbox 882 830 1007 897; x_wconf 88' lang='lat' dir='ltr'><strong>dicendo,</strong></span> <span class='ocrx_word' id='word_1_58' title='bbox 1022 848 1139 899; x_wconf 83' lang='lat' dir='ltr'>semper,</span> 
     </span>
     <span class='ocr_line' id='line_1_8' title="bbox 157 909 1135 980; baseline -0.001 -16"><span class='ocrx_word' id='word_1_59' title='bbox 157 929 213 980; x_wconf 93' lang='lat' dir='ltr'><strong>quo</strong></span> <span class='ocrx_word' id='word_1_60' title='bbox 232 912 291 980; x_wconf 85' lang='lat' dir='ltr'><strong>jam</strong></span> <span class='ocrx_word' id='word_1_61' title='bbox 311 911 381 964; x_wconf 84' lang='lat' dir='ltr'><strong>nihil</strong></span> <span class='ocrx_word' id='word_1_62' title='bbox 401 915 443 964; x_wconf 90' lang='lat' dir='ltr'><strong>est</strong></span> <span class='ocrx_word' id='word_1_63' title='bbox 462 910 569 975; x_wconf 89' lang='lat' dir='ltr'><strong>melius,</strong></span> <span class='ocrx_word' id='word_1_64' title='bbox 588 909 618 962; x_wconf 92' lang='lat' dir='ltr'><strong>id</strong></span> <span class='ocrx_word' id='word_1_65' title='bbox 638 909 752 975; x_wconf 87' lang='lat' dir='ltr'><strong>laudari,</strong></span> <span class='ocrx_word' id='word_1_66' title='bbox 770 909 968 977; x_wconf 78' lang='lat' dir='ltr'><strong>qualecumque</strong></span> <span class='ocrx_word' id='word_1_67' title='bbox 989 913 1039 976; x_wconf 84' lang='lat' dir='ltr'><strong>est,</strong></span> <span class='ocrx_word' id='word_1_68' title='bbox 1057 911 1135 964; x_wconf 88' lang='lat' dir='ltr'><strong>solet.</strong></span> 
     </span>
     <span class='ocr_line' id='line_1_9' title="bbox 156 987 1141 1056; baseline -0.002 -13"><span class='ocrx_word' id='word_1_69' title='bbox 156 991 225 1044; x_wconf 87' lang='lat' dir='ltr'><strong>Dico</strong></span> <span class='ocrx_word' id='word_1_70' title='bbox 238 991 311 1042; x_wconf 89' lang='lat' dir='ltr'><strong>idem</strong></span> <span class='ocrx_word' id='word_1_71' title='bbox 324 990 358 1042; x_wconf 91' lang='lat' dir='ltr'><strong>de</strong></span> <span class='ocrx_word' id='word_1_72' title='bbox 373 989 501 1042; x_wconf 81' lang='lat' dir='ltr'><strong>Gracchis</strong></span> <span class='ocrx_word' id='word_1_73' title='bbox 513 1009 520 1053; x_wconf 91' lang='lat'>;</span> <span class='ocrx_word' id='word_1_74' title='bbox 541 988 592 1041; x_wconf 87' lang='lat' dir='ltr'><strong>etsi</strong></span> <span class='ocrx_word' id='word_1_75' title='bbox 605 987 640 1040; x_wconf 88' lang='lat' dir='ltr'><strong>de</strong></span> <span class='ocrx_word' id='word_1_76' title='bbox 660 989 699 1040; x_wconf 90' lang='lat' dir='ltr'><strong>eis</strong></span> <span class='ocrx_word' id='word_1_77' title='bbox 719 1005 751 1040; x_wconf 88' lang='lat' dir='ltr'><strong>ea</strong></span> <span class='ocrx_word' id='word_1_78' title='bbox 771 993 836 1040; x_wconf 91' lang='lat' dir='ltr'><strong>sunt</strong></span> <span class='ocrx_word' id='word_1_79' title='bbox 856 1005 873 1040; x_wconf 87' lang='lat' dir='ltr'><strong>a</strong></span> <span class='ocrx_word' id='word_1_80' title='bbox 892 993 921 1040; x_wconf 89' lang='lat' dir='ltr'><strong>te</strong></span> <span class='ocrx_word' id='word_1_81' title='bbox 940 988 1023 1054; x_wconf 85' lang='lat' dir='ltr'><strong>diets,</strong></span> <span class='ocrx_word' id='word_1_82' title='bbox 1039 989 1141 1056; x_wconf 90' lang='lat' dir='ltr'><strong>quibus</strong></span> 
     </span>
     <span class='ocr_line' id='line_1_10' title="bbox 156 1067 1140 1137; baseline -0.002 -15"><span class='ocrx_word' id='word_1_83' title='bbox 156 1087 206 1137; x_wconf 84' lang='lat' dir='ltr'><strong>ego</strong></span> <span class='ocrx_word' id='word_1_84' title='bbox 230 1069 367 1122; x_wconf 85' lang='lat' dir='ltr'><strong>assentior.</strong></span> <span class='ocrx_word' id='word_1_85' title='bbox 413 1067 518 1121; x_wconf 88' lang='lat' dir='ltr'><strong>Omitto</strong></span> <span class='ocrx_word' id='word_1_86' title='bbox 539 1071 663 1130; x_wconf 79' lang='lat' dir='ltr'><strong>ceteros3</strong></span> <span class='ocrx_word' id='word_1_87' title='bbox 688 1067 767 1118; x_wconf 86' lang='lat' dir='ltr'><strong>venio</strong></span> <span class='ocrx_word' id='word_1_88' title='bbox 788 1067 823 1120; x_wconf 86' lang='lat' dir='ltr'><strong>ad</strong></span> <span class='ocrx_word' id='word_1_89' title='bbox 843 1084 889 1118; x_wconf 89' lang='lat' dir='ltr'><strong>eos</strong></span> <span class='ocrx_word' id='word_1_90' title='bbox 909 1067 939 1119; x_wconf 90' lang='lat' dir='ltr'><strong>in</strong></span> <span class='ocrx_word' id='word_1_91' title='bbox 959 1067 1060 1134; x_wconf 89' lang='lat' dir='ltr'><strong>quibus</strong></span> <span class='ocrx_word' id='word_1_92' title='bbox 1080 1068 1140 1134; x_wconf 86' lang='lat' dir='ltr'><strong>jam</strong></span> 
     </span>
     <span class='ocr_line' id='line_1_11' title="bbox 156 1146 1139 1215; baseline -0.002 -15"><span class='ocrx_word' id='word_1_93' title='bbox 156 1149 304 1215; x_wconf 81' lang='lat' dir='ltr'><strong>perlectam</strong></span> <span class='ocrx_word' id='word_1_94' title='bbox 317 1151 399 1215; x_wconf 85' lang='lat' dir='ltr'><strong>putas</strong></span> <span class='ocrx_word' id='word_1_95' title='bbox 412 1164 469 1198; x_wconf 87' lang='lat' dir='ltr'><strong>esse</strong></span> <span class='ocrx_word' id='word_1_96' title='bbox 483 1147 677 1214; x_wconf 86' lang='lat' dir='ltr'><strong>eloquentiam,</strong></span> <span class='ocrx_word' id='word_1_97' title='bbox 693 1163 762 1214; x_wconf 90' lang='lat' dir='ltr'><strong>ques</strong></span> <span class='ocrx_word' id='word_1_98' title='bbox 776 1162 825 1213; x_wconf 82' lang='lat' dir='ltr'><strong>ege</strong></span> <span class='ocrx_word' id='word_1_99' title='bbox 839 1146 941 1212; x_wconf 88' lang='lat' dir='ltr'><strong>audivi,</strong></span> <span class='ocrx_word' id='word_1_100' title='bbox 958 1146 1016 1198; x_wconf 86' lang='lat' dir='ltr'><strong>sine</strong></span> <span class='ocrx_word' id='word_1_101' title='bbox 1030 1152 1139 1198; x_wconf 87' lang='lat' dir='ltr'><strong>contro·</strong></span> 
     </span>
     <span class='ocr_line' id='line_1_12' title="bbox 155 1225 1139 1294; baseline 0 -16"><span class='ocrx_word' id='word_1_102' title='bbox 155 1227 244 1279; x_wconf 86' lang='lat' dir='ltr'><strong>versia</strong></span> <span class='ocrx_word' id='word_1_103' title='bbox 269 1242 381 1294; x_wconf 80' lang='lat' dir='ltr'><strong>magnes</strong></span> <span class='ocrx_word' id='word_1_104' title='bbox 410 1229 540 1291; x_wconf 86' lang='lat' dir='ltr'><strong>oratores,</strong></span> <span class='ocrx_word' id='word_1_105' title='bbox 564 1225 691 1284; x_wconf 85' lang='lat' dir='ltr'><strong>Orassum</strong></span> <span class='ocrx_word' id='word_1_106' title='bbox 717 1229 745 1278; x_wconf 87' lang='lat' dir='ltr'><strong>et</strong></span> <span class='ocrx_word' id='word_1_107' title='bbox 769 1225 929 1277; x_wconf 88' lang='lat' dir='ltr'><strong>Antonium.</strong></span> <span class='ocrx_word' id='word_1_108' title='bbox 973 1225 1015 1277; x_wconf 88' lang='lat' dir='ltr'><strong>De</strong></span> <span class='ocrx_word' id='word_1_109' title='bbox 1039 1225 1139 1278; x_wconf 87' lang='lat' dir='ltr'><strong>horum</strong></span> 
     </span>
     <span class='ocr_line' id='line_1_13' title="bbox 155 1303 1139 1373; baseline -0.002 -15"><span class='ocrx_word' id='word_1_110' title='bbox 155 1306 282 1358; x_wconf 75' lang='lat' dir='ltr'><strong>laudibus</strong></span> <span class='ocrx_word' id='word_1_111' title='bbox 302 1305 355 1358; x_wconf 90' lang='lat' dir='ltr'><strong>tibi</strong></span> <span class='ocrx_word' id='word_1_112' title='bbox 374 1321 484 1373; x_wconf 86' lang='lat' dir='ltr'><strong>prorsus</strong></span> <span class='ocrx_word' id='word_1_113' title='bbox 503 1304 654 1368; x_wconf 82' lang='lat' dir='ltr'><strong>essenti0r3</strong></span> <span class='ocrx_word' id='word_1_114' title='bbox 674 1303 722 1356; x_wconf 88' lang='lat' dir='ltr'><strong>sed</strong></span> <span class='ocrx_word' id='word_1_115' title='bbox 735 1308 828 1356; x_wconf 83' lang='lat' dir='ltr'><strong>tamen</strong></span> <span class='ocrx_word' id='word_1_116' title='bbox 848 1321 905 1356; x_wconf 89' lang='lat' dir='ltr'><strong>non</strong></span> <span class='ocrx_word' id='word_1_117' title='bbox 924 1303 978 1356; x_wconf 88' lang='lat' dir='ltr'><strong>isto</strong></span> <span class='ocrx_word' id='word_1_118' title='bbox 997 1304 1090 1370; x_wconf 88' lang='lat' dir='ltr'><strong>modo,</strong></span> <span class='ocrx_word' id='word_1_119' title='bbox 1107 1311 1139 1356; x_wconf 91' lang='lat' dir='ltr'><strong>ut</strong></span> 
     </span>
     <span class='ocr_line' id='line_1_14' title="bbox 155 1382 1139 1452; baseline -0.002 -15"><span class='ocrx_word' id='word_1_120' title='bbox 155 1385 291 1452; x_wconf 75' lang='lat' dir='ltr'><strong>Polycleti</strong></span> <span class='ocrx_word' id='word_1_121' title='bbox 303 1383 497 1452; x_wconf 81' lang='lat' dir='ltr'><strong>Doryphorum</strong></span> <span class='ocrx_word' id='word_1_122' title='bbox 510 1383 562 1436; x_wconf 92' lang='lat' dir='ltr'><strong>sibi</strong></span> <span class='ocrx_word' id='word_1_123' title='bbox 575 1382 711 1451; x_wconf 80' lang='lat' dir='ltr'><strong>Lysippus</strong></span> <span class='ocrx_word' id='word_1_124' title='bbox 730 1383 829 1449; x_wconf 88' lang='lat' dir='ltr'><strong>aiebat,</strong></span> <span class='ocrx_word' id='word_1_125' title='bbox 845 1382 884 1435; x_wconf 89' lang='lat' dir='ltr'><strong>sic</strong></span> <span class='ocrx_word' id='word_1_126' title='bbox 903 1383 1058 1436; x_wconf 72' lang='lat' dir='ltr'><strong>suasionem</strong></span> <span class='ocrx_word' id='word_1_127' title='bbox 1071 1383 1139 1451; x_wconf 82' lang='lat' dir='ltr'><strong>legis</strong></span> 
     </span>
     <span class='ocr_line' id='line_1_15' title="bbox 156 1461 1140 1531; baseline -0.002 -14"><span class='ocrx_word' id='word_1_128' title='bbox 156 1464 277 1517; x_wconf 68' lang='lat' dir='ltr'><strong>Servilia</strong></span> <span class='ocrx_word' id='word_1_129' title='bbox 297 1463 351 1516; x_wconf 83' lang='lat' dir='ltr'><strong>tibi</strong></span> <span class='ocrx_word' id='word_1_130' title='bbox 369 1463 527 1531; x_wconf 83' lang='lat' dir='ltr'><strong>magistram</strong></span> <span class='ocrx_word' id='word_1_131' title='bbox 546 1462 651 1515; x_wconf 82' lang='lat' dir='ltr'><strong>luisse:</strong></span> <span class='ocrx_word' id='word_1_132' title='bbox 671 1461 730 1514; x_wconf 83' lang='lat' dir='ltr'><strong>hoec</strong></span> <span class='ocrx_word' id='word_1_133' title='bbox 748 1478 876 1530; x_wconf 83' lang='lat' dir='ltr'><strong>germana</strong></span> <span class='ocrx_word' id='word_1_134' title='bbox 888 1461 976 1514; x_wconf 90' lang='lat' dir='ltr'><strong>ironia</strong></span> <span class='ocrx_word' id='word_1_135' title='bbox 988 1465 1037 1516; x_wconf 85' lang='lat' dir='ltr'><strong>est.</strong></span> <span class='ocrx_word' id='word_1_136' title='bbox 1083 1462 1140 1515; x_wconf 81' lang='lat' dir='ltr'><strong>Gur</strong></span> 
     </span>
     <span class='ocr_line' id='line_1_16' title="bbox 154 1538 1134 1612; baseline 0 -17"><span class='ocrx_word' id='word_1_137' title='bbox 154 1543 195 1596; x_wconf 86' lang='lat' dir='ltr'><strong>ita</strong></span> <span class='ocrx_word' id='word_1_138' title='bbox 216 1543 342 1609; x_wconf 76' lang='lat' dir='ltr'><strong>sentim,</strong></span> <span class='ocrx_word' id='word_1_139' title='bbox 364 1559 421 1595; x_wconf 94' lang='lat' dir='ltr'><strong>non</strong></span> <span class='ocrx_word' id='word_1_140' title='bbox 445 1541 543 1607; x_wconf 86' lang='lat' dir='ltr'><strong>dicam,</strong></span> <span class='ocrx_word' id='word_1_141' title='bbox 565 1557 665 1612; x_wconf 79' lang='lat' dir='ltr'><strong>neme</strong></span> <span class='ocrx_word' id='word_1_142' title='bbox 694 1541 746 1592; x_wconf 90' lang='lat' dir='ltr'><strong>tibi</strong></span> <span class='ocrx_word' id='word_1_143' title='bbox 772 1538 905 1593; x_wconf 75' lang='lat' dir='ltr'><strong>assentari</strong></span> <span class='ocrx_word' id='word_1_144' title='bbox 933 1545 1022 1608; x_wconf 82' lang='lat' dir='ltr'><strong>putes</strong></span> <span class='ocrx_word' id='word_1_145' title='bbox 1069 1541 1134 1598; x_wconf 83' lang='grc'>297.</span> 
     </span>
     <span class='ocr_line' id='line_1_17' title="bbox 155 1619 1134 1689; baseline -0.002 -14"><span class='ocrx_word' id='word_1_146' title='bbox 155 1622 262 1676; x_wconf 89' lang='lat' dir='ltr'><strong>Omitte</strong></span> <span class='ocrx_word' id='word_1_147' title='bbox 279 1621 372 1689; x_wconf 79' lang='lat' dir='ltr'><strong>igitur,</strong></span> <span class='ocrx_word' id='word_1_148' title='bbox 385 1638 446 1688; x_wconf 86' lang='lat' dir='ltr'><strong>quae</strong></span> <span class='ocrx_word' id='word_1_149' title='bbox 461 1621 495 1673; x_wconf 91' lang='lat' dir='ltr'><strong>de</strong></span> <span class='ocrx_word' id='word_1_150' title='bbox 508 1620 550 1672; x_wconf 88' lang='lat' dir='ltr'><strong>his</strong></span> <span class='ocrx_word' id='word_1_151' title='bbox 563 1620 638 1688; x_wconf 92' lang='lat' dir='ltr'><strong>ipsis,</strong></span> <span class='ocrx_word' id='word_1_152' title='bbox 654 1636 716 1687; x_wconf 83' lang='lat' dir='ltr'><strong>quae</strong></span> <span class='ocrx_word' id='word_1_153' title='bbox 730 1620 764 1672; x_wconf 90' lang='lat' dir='ltr'><strong>de</strong></span> <span class='ocrx_word' id='word_1_154' title='bbox 774 1619 865 1686; x_wconf 81' lang='lat' dir='ltr'><strong>Cotta,</strong></span> <span class='ocrx_word' id='word_1_155' title='bbox 880 1637 943 1687; x_wconf 81' lang='lat' dir='ltr'><strong>quae</strong></span> <span class='ocrx_word' id='word_1_156' title='bbox 956 1620 991 1672; x_wconf 90' lang='lat' dir='ltr'><strong>de</strong></span> <span class='ocrx_word' id='word_1_157' title='bbox 1006 1620 1134 1688; x_wconf 85' lang='lat' dir='ltr'><strong>Sulpicio,</strong></span> 
     </span>
     <span class='ocr_line' id='line_1_18' title="bbox 155 1698 1138 1768; baseline -0.002 -14"><span class='ocrx_word' id='word_1_158' title='bbox 155 1718 218 1768; x_wconf 86' lang='lat' dir='ltr'><strong>quae</strong></span> <span class='ocrx_word' id='word_1_159' title='bbox 237 1701 319 1753; x_wconf 91' lang='lat' dir='ltr'><strong>modo</strong></span> <span class='ocrx_word' id='word_1_160' title='bbox 332 1701 367 1753; x_wconf 87' lang='lat' dir='ltr'><strong>da</strong></span> <span class='ocrx_word' id='word_1_161' title='bbox 381 1699 465 1752; x_wconf 83' lang='lat' dir='ltr'><strong>Oaelio</strong></span> <span class='ocrx_word' id='word_1_162' title='bbox 485 1700 593 1752; x_wconf 87' lang='lat' dir='ltr'><strong>dixeris.</strong></span> <span class='ocrx_word' id='word_1_163' title='bbox 638 1698 679 1752; x_wconf 88' lang='lat' dir='ltr'><strong>Ei</strong></span> <span class='ocrx_word' id='word_1_164' title='bbox 692 1699 765 1751; x_wconf 84' lang='lat' dir='ltr'><strong>enirn</strong></span> <span class='ocrx_word' id='word_1_165' title='bbox 785 1699 898 1751; x_wconf 66' lang='lat' dir='ltr'><strong>fuerumt</strong></span> <span class='ocrx_word' id='word_1_166' title='bbox 911 1703 984 1751; x_wconf 83' lang='lat' dir='ltr'><strong>certe</strong></span> <span class='ocrx_word' id='word_1_167' title='bbox 997 1704 1138 1764; x_wconf 87' lang='lat' dir='ltr'><strong>eratorcs;</strong></span> 
     </span>
     <span class='ocr_line' id='line_1_19' title="bbox 155 1775 1136 1848; baseline -0.003 -15"><span class='ocrx_word' id='word_1_168' title='bbox 155 1779 261 1848; x_wconf 88' lang='lat' dir='ltr'><strong>quanti,</strong></span> <span class='ocrx_word' id='word_1_169' title='bbox 276 1783 368 1832; x_wconf 87' lang='lat' dir='ltr'><strong>autem</strong></span> <span class='ocrx_word' id='word_1_170' title='bbox 392 1782 421 1830; x_wconf 92' lang='lat' dir='ltr'><strong>et</strong></span> <span class='ocrx_word' id='word_1_171' title='bbox 444 1779 547 1846; x_wconf 87' lang='lat' dir='ltr'><strong>quales,</strong></span> <span class='ocrx_word' id='word_1_172' title='bbox 562 1782 594 1830; x_wconf 89' lang='lat' dir='ltr'><strong>tu</strong></span> <span class='ocrx_word' id='word_1_173' title='bbox 608 1777 715 1832; x_wconf 87' lang='lat' dir='ltr'><strong>videris.</strong></span> <span class='ocrx_word' id='word_1_174' title='bbox 761 1777 834 1830; x_wconf 84' lang='lat' dir='ltr'><strong>Nam</strong></span> <span class='ocrx_word' id='word_1_175' title='bbox 853 1778 923 1830; x_wconf 90' lang='lat' dir='ltr'><strong>illud</strong></span> <span class='ocrx_word' id='word_1_176' title='bbox 943 1775 1036 1830; x_wconf 89' lang='lat' dir='ltr'><strong>minus</strong></span> <span class='ocrx_word' id='word_1_177' title='bbox 1060 1795 1136 1846; x_wconf 88' lang='lat' dir='ltr'><strong>euro,</strong></span> 
     </span>
     <span class='ocr_line' id='line_1_20' title="bbox 155 1856 1139 1926; baseline -0.001 -15"><span class='ocrx_word' id='word_1_178' title='bbox 155 1859 230 1926; x_wconf 90' lang='lat' dir='ltr'><strong>quod</strong></span> <span class='ocrx_word' id='word_1_179' title='bbox 255 1857 413 1925; x_wconf 79' lang='lat' dir='ltr'><strong>congessisti</strong></span> <span class='ocrx_word' id='word_1_180' title='bbox 433 1857 568 1924; x_wconf 86' lang='lat' dir='ltr'><strong>operarios</strong></span> <span class='ocrx_word' id='word_1_181' title='bbox 598 1873 701 1922; x_wconf 85' lang='lat' dir='ltr'><strong>omnes,</strong></span> <span class='ocrx_word' id='word_1_182' title='bbox 731 1861 763 1908; x_wconf 91' lang='lat' dir='ltr'><strong>ut</strong></span> <span class='ocrx_word' id='word_1_183' title='bbox 796 1856 864 1908; x_wconf 88' lang='lat' dir='ltr'><strong>mihi</strong></span> <span class='ocrx_word' id='word_1_184' title='bbox 894 1856 1042 1909; x_wconf 84' lang='lat' dir='ltr'><strong>rideantur</strong></span> <span class='ocrx_word' id='word_1_185' title='bbox 1068 1859 1139 1910; x_wconf 84' lang='lat' dir='ltr'><strong>mori</strong></span> 
     </span>
     <span class='ocr_line' id='line_1_21' title="bbox 154 1936 1080 2001; baseline 0.001 -13"><span class='ocrx_word' id='word_1_186' title='bbox 154 1937 272 1990; x_wconf 83' lang='lat' dir='ltr'><strong>voluisse</strong></span> <span class='ocrx_word' id='word_1_187' title='bbox 285 1936 419 2001; x_wconf 91' lang='lat' dir='ltr'><strong>nonnulli,</strong></span> <span class='ocrx_word' id='word_1_188' title='bbox 437 1941 469 1988; x_wconf 94' lang='lat' dir='ltr'><strong>ut</strong></span> <span class='ocrx_word' id='word_1_189' title='bbox 482 1953 499 1989; x_wconf 86' lang='lat' dir='ltr'><strong>a</strong></span> <span class='ocrx_word' id='word_1_190' title='bbox 511 1938 539 1988; x_wconf 90' lang='lat' dir='ltr'><strong>te</strong></span> <span class='ocrx_word' id='word_1_191' title='bbox 554 1936 582 1988; x_wconf 93' lang='lat' dir='ltr'><strong>in</strong></span> <span class='ocrx_word' id='word_1_192' title='bbox 596 1940 734 1988; x_wconf 86' lang='lat' dir='ltr'><strong>oratorum</strong></span> <span class='ocrx_word' id='word_1_193' title='bbox 747 1952 892 1988; x_wconf 89' lang='lat' dir='ltr'><strong>numerum</strong></span> <span class='ocrx_word' id='word_1_194' title='bbox 905 1937 1080 1990; x_wconf 82' lang='lat' dir='ltr'><strong>referrentur.</strong></span> 
     </span>
    </p>

    <p class='ocr_par' dir='ltr' id='par_1_3' title="bbox 150 2014 1139 3804">
     <span class='ocr_line' id='line_1_22' title="bbox 193 2014 1139 2082; baseline 0.001 -14"><span class='ocrx_word' id='word_1_195' title='bbox 193 2015 371 2069; x_wconf 86' lang='lat' dir='ltr'>LXXXVII.</span> <span class='ocrx_word' id='word_1_196' title='bbox 416 2015 485 2068; x_wconf 83' lang='lat' dir='ltr'><strong>Haec</strong></span> <span class='ocrx_word' id='word_1_197' title='bbox 498 2032 561 2068; x_wconf 91' lang='lat' dir='ltr'><strong>cum</strong></span> <span class='ocrx_word' id='word_1_198' title='bbox 573 2015 619 2068; x_wconf 86' lang='lat' dir='ltr'><strong>ille</strong></span> <span class='ocrx_word' id='word_1_199' title='bbox 633 2014 756 2081; x_wconf 76' lang='lat' dir='ltr'><strong>dixisset,</strong></span> <span class='ocrx_word' id='word_1_200' title='bbox 771 2014 860 2082; x_wconf 77' lang='lat' dir='ltr'><strong>Longi</strong></span> <span class='ocrx_word' id='word_1_201' title='bbox 872 2015 1004 2067; x_wconf 83' lang='lat' dir='ltr'><strong>sermonis</strong></span> <span class='ocrx_word' id='word_1_202' title='bbox 1023 2015 1139 2070; x_wconf 90' lang='lat' dir='ltr'><strong>initium</strong></span> 
     </span>
     <span class='ocr_line' id='line_1_23' title="bbox 153 2093 1138 2164; baseline 0 -16"><span class='ocrx_word' id='word_1_203' title='bbox 153 2094 292 2163; x_wconf 90' lang='lat' dir='ltr'><strong>pepulisti,</strong></span> <span class='ocrx_word' id='word_1_204' title='bbox 307 2095 429 2164; x_wconf 91' lang='lat' dir='ltr'><strong>inquam,</strong></span> <span class='ocrx_word' id='word_1_205' title='bbox 441 2093 541 2160; x_wconf 85' lang='lat' dir='ltr'><strong>Attice,</strong></span> <span class='ocrx_word' id='word_1_206' title='bbox 558 2111 669 2162; x_wconf 89' lang='lat' dir='ltr'><strong>remque</strong></span> <span class='ocrx_word' id='word_1_207' title='bbox 682 2093 853 2146; x_wconf 79' lang='lat' dir='ltr'><strong>commovisti</strong></span> <span class='ocrx_word' id='word_1_208' title='bbox 865 2110 938 2146; x_wconf 85' lang='lat' dir='ltr'><strong>nova</strong></span> <span class='ocrx_word' id='word_1_209' title='bbox 950 2093 1138 2161; x_wconf 84' lang='lat' dir='ltr'><strong>disputatione</strong></span> 
     </span>
     <span class='ocr_line' id='line_1_24' title="bbox 153 2171 1139 2243; baseline -0.002 -15"><span class='ocrx_word' id='word_1_210' title='bbox 153 2175 273 2242; x_wconf 77' lang='lat' dir='ltr'><strong>dignam,</strong></span> <span class='ocrx_word' id='word_1_211' title='bbox 299 2191 383 2243; x_wconf 82' lang='lat' dir='ltr'><strong>quam</strong></span> <span class='ocrx_word' id='word_1_212' title='bbox 409 2173 439 2226; x_wconf 90' lang='lat' dir='ltr'><strong>in</strong></span> <span class='ocrx_word' id='word_1_213' title='bbox 465 2174 540 2227; x_wconf 87' lang='lat' dir='ltr'><strong>eliud</strong></span> <span class='ocrx_word' id='word_1_214' title='bbox 563 2177 672 2241; x_wconf 89' lang='lat' dir='ltr'><strong>tempus</strong></span> <span class='ocrx_word' id='word_1_215' title='bbox 698 2172 861 2226; x_wconf 74' lang='lat' dir='ltr'><strong>differamus</strong></span> <span class='ocrx_word' id='word_1_216' title='bbox 907 2174 971 2227; x_wconf 79' lang='lat'><strong>298.</strong></span> <span class='ocrx_word' id='word_1_217' title='bbox 997 2171 1139 2226; x_wconf 80' lang='lat' dir='ltr'><strong>Velvendi</strong></span> 
     </span>
     <span class='ocr_line' id='line_1_25' title="bbox 154 2251 1138 2321; baseline 0 -15"><span class='ocrx_word' id='word_1_218' title='bbox 154 2254 227 2306; x_wconf 89' lang='lat' dir='ltr'><strong>enim</strong></span> <span class='ocrx_word' id='word_1_219' title='bbox 239 2257 306 2306; x_wconf 89' lang='lat' dir='ltr'><strong>sunt</strong></span> <span class='ocrx_word' id='word_1_220' title='bbox 318 2253 381 2306; x_wconf 88' lang='lat' dir='ltr'><strong>libri</strong></span> <span class='ocrx_word' id='word_1_221' title='bbox 395 2270 457 2306; x_wconf 93' lang='lat' dir='ltr'><strong>cum</strong></span> <span class='ocrx_word' id='word_1_222' title='bbox 470 2253 593 2318; x_wconf 86' lang='lat' dir='ltr'><strong>aliorum,</strong></span> <span class='ocrx_word' id='word_1_223' title='bbox 609 2257 671 2305; x_wconf 90' lang='lat' dir='ltr'><strong>tum</strong></span> <span class='ocrx_word' id='word_1_224' title='bbox 683 2252 713 2304; x_wconf 90' lang='lat' dir='ltr'><strong>in</strong></span> <span class='ocrx_word' id='word_1_225' title='bbox 726 2251 820 2318; x_wconf 90' lang='lat' dir='ltr'><strong>primis</strong></span> <span class='ocrx_word' id='word_1_226' title='bbox 831 2251 948 2306; x_wconf 77' lang='lat' dir='ltr'><strong>(latonia.</strong></span> <span class='ocrx_word' id='word_1_227' title='bbox 993 2251 1138 2321; x_wconf 75' lang='lat' dir='ltr'><strong>Intelliges</strong></span> 
     </span>
     <span class='ocr_line' id='line_1_26' title="bbox 153 2330 1139 2399; baseline 0 -14"><span class='ocrx_word' id='word_1_228' title='bbox 153 2332 223 2385; x_wconf 91' lang='lat' dir='ltr'><strong>nihil</strong></span> <span class='ocrx_word' id='word_1_229' title='bbox 242 2333 317 2385; x_wconf 90' lang='lat' dir='ltr'><strong>illius</strong></span> <span class='ocrx_word' id='word_1_230' title='bbox 336 2331 508 2384; x_wconf 84' lang='lat' dir='ltr'><strong>lineamentis</strong></span> <span class='ocrx_word' id='word_1_231' title='bbox 527 2331 581 2384; x_wconf 91' lang='lat' dir='ltr'><strong>nisi</strong></span> <span class='ocrx_word' id='word_1_232' title='bbox 600 2347 694 2383; x_wconf 88' lang='lat' dir='ltr'><strong>eorum</strong></span> <span class='ocrx_word' id='word_1_233' title='bbox 714 2330 925 2398; x_wconf 81' lang='lat' dir='ltr'><strong>pigmentorum,</strong></span> <span class='ocrx_word' id='word_1_234' title='bbox 942 2348 1004 2399; x_wconf 70' lang='lat' dir='ltr'><strong>quae</strong></span> <span class='ocrx_word' id='word_1_235' title='bbox 1021 2332 1139 2386; x_wconf 86' lang='lat' dir='ltr'><strong>inventa</strong></span> 
     </span>
     <span class='ocr_line' id='line_1_27' title="bbox 153 2409 1138 2477; baseline 0.001 -13"><span class='ocrx_word' id='word_1_236' title='bbox 153 2411 277 2464; x_wconf 91' lang='lat' dir='ltr'><strong>nendum</strong></span> <span class='ocrx_word' id='word_1_237' title='bbox 299 2415 387 2477; x_wconf 86' lang='lat' dir='ltr'><strong>erant,</strong></span> <span class='ocrx_word' id='word_1_238' title='bbox 411 2411 504 2462; x_wconf 86' lang='lat' dir='ltr'><strong>flerem</strong></span> <span class='ocrx_word' id='word_1_239' title='bbox 528 2413 556 2460; x_wconf 91' lang='lat' dir='ltr'><strong>et</strong></span> <span class='ocrx_word' id='word_1_240' title='bbox 579 2409 696 2462; x_wconf 88' lang='lat' dir='ltr'><strong>colorem</strong></span> <span class='ocrx_word' id='word_1_241' title='bbox 723 2409 852 2464; x_wconf 82' lang='lat' dir='ltr'><strong>defuisse.</strong></span> <span class='ocrx_word' id='word_1_242' title='bbox 893 2409 968 2462; x_wconf 87' lang='lat' dir='ltr'><strong>Nam</strong></span> <span class='ocrx_word' id='word_1_243' title='bbox 991 2411 1026 2464; x_wconf 86' lang='lat' dir='ltr'><strong>de</strong></span> <span class='ocrx_word' id='word_1_244' title='bbox 1048 2411 1138 2465; x_wconf 82' lang='lat' dir='ltr'><strong>Crassi</strong></span> 
     </span>
     <span class='ocr_line' id='line_1_28' title="bbox 153 2486 1134 2558; baseline 0 -16"><span class='ocrx_word' id='word_1_245' title='bbox 153 2490 276 2543; x_wconf 89' lang='lat' dir='ltr'><strong>oratione</strong></span> <span class='ocrx_word' id='word_1_246' title='bbox 297 2489 335 2542; x_wconf 91' lang='lat' dir='ltr'><strong>sie</strong></span> <span class='ocrx_word' id='word_1_247' title='bbox 356 2488 492 2554; x_wconf 87' lang='lat' dir='ltr'><strong>existimo,</strong></span> <span class='ocrx_word' id='word_1_248' title='bbox 507 2486 598 2558; x_wconf 89' lang='lat' dir='ltr'><strong>ipsum</strong></span> <span class='ocrx_word' id='word_1_249' title='bbox 610 2487 725 2540; x_wconf 83' lang='lat' dir='ltr'><strong>fortasse</strong></span> <span class='ocrx_word' id='word_1_250' title='bbox 744 2487 843 2540; x_wconf 87' lang='lat' dir='ltr'><strong>melius</strong></span> <span class='ocrx_word' id='word_1_251' title='bbox 865 2489 986 2556; x_wconf 85' lang='lat' dir='ltr'><strong>potuisse</strong></span> <span class='ocrx_word' id='word_1_252' title='bbox 1006 2491 1134 2558; x_wconf 86' lang='lat' dir='ltr'><strong>scribere,</strong></span> 
     </span>
     <span class='ocr_line' id='line_1_29' title="bbox 154 2565 1132 2636; baseline 0.002 -16"><span class='ocrx_word' id='word_1_253' title='bbox 154 2569 248 2636; x_wconf 81' lang='lat' dir='ltr'><strong>alium,</strong></span> <span class='ocrx_word' id='word_1_254' title='bbox 263 2573 297 2621; x_wconf 92' lang='lat' dir='ltr'><strong>ut</strong></span> <span class='ocrx_word' id='word_1_255' title='bbox 310 2568 435 2633; x_wconf 85' lang='lat' dir='ltr'><strong>arbitrer,</strong></span> <span class='ocrx_word' id='word_1_256' title='bbox 450 2567 594 2619; x_wconf 88' lang='lat' dir='ltr'><strong>neminem.</strong></span> <span class='ocrx_word' id='word_1_257' title='bbox 638 2566 698 2620; x_wconf 87' lang='lat' dir='ltr'><strong>Nec</strong></span> <span class='ocrx_word' id='word_1_258' title='bbox 710 2565 740 2618; x_wconf 85' lang='lat' dir='ltr'><strong>ln</strong></span> <span class='ocrx_word' id='word_1_259' title='bbox 753 2566 805 2620; x_wconf 91' lang='lat' dir='ltr'><strong>hec</strong></span> <span class='ocrx_word' id='word_1_260' title='bbox 823 2567 939 2620; x_wconf 84' lang='lat' dir='ltr'><strong>ironiam</strong></span> <span class='ocrx_word' id='word_1_261' title='bbox 951 2569 1054 2620; x_wconf 84' lang='lat' dir='ltr'><strong>dixeris</strong></span> <span class='ocrx_word' id='word_1_262' title='bbox 1067 2587 1132 2636; x_wconf 82' lang='lat' dir='ltr'><strong>esse,</strong></span> 
     </span>
     <span class='ocr_line' id='line_1_30' title="bbox 153 2644 1135 2714; baseline 0.001 -14"><span class='ocrx_word' id='word_1_263' title='bbox 153 2647 227 2714; x_wconf 91' lang='lat' dir='ltr'><strong>quod</strong></span> <span class='ocrx_word' id='word_1_264' title='bbox 240 2665 300 2700; x_wconf 87' lang='lat' dir='ltr'><strong>eam</strong></span> <span class='ocrx_word' id='word_1_265' title='bbox 313 2647 464 2700; x_wconf 85' lang='lat' dir='ltr'><strong>orationem</strong></span> <span class='ocrx_word' id='word_1_266' title='bbox 477 2645 545 2697; x_wconf 86' lang='lat' dir='ltr'><strong>mihi</strong></span> <span class='ocrx_word' id='word_1_267' title='bbox 557 2644 714 2712; x_wconf 71' lang='lat' dir='ltr'><strong>magistram</strong></span> <span class='ocrx_word' id='word_1_268' title='bbox 727 2645 811 2698; x_wconf 82' lang='lat' dir='ltr'><strong>fuisse</strong></span> <span class='ocrx_word' id='word_1_269' title='bbox 824 2645 947 2699; x_wconf 84' lang='lat' dir='ltr'><strong>dixerim</strong></span> <span class='ocrx_word' id='word_1_270' title='bbox 992 2646 1068 2700; x_wconf 88' lang='lat' dir='ltr'><strong>Nam</strong></span> <span class='ocrx_word' id='word_1_271' title='bbox 1081 2650 1135 2701; x_wconf 89' lang='lat' dir='ltr'><strong>etsi</strong></span> 
     </span>
     <span class='ocr_line' id='line_1_31' title="bbox 152 2723 1134 2794; baseline 0.004 -16"><span class='ocrx_word' id='word_1_272' title='bbox 152 2731 185 2778; x_wconf 89' lang='lat' dir='ltr'><strong>tu</strong></span> <span class='ocrx_word' id='word_1_273' title='bbox 206 2727 303 2780; x_wconf 91' lang='lat' dir='ltr'><strong>melius</strong></span> <span class='ocrx_word' id='word_1_274' title='bbox 324 2725 478 2778; x_wconf 84' lang='lat' dir='ltr'><strong>existimare</strong></span> <span class='ocrx_word' id='word_1_275' title='bbox 500 2724 599 2777; x_wconf 89' lang='lat' dir='ltr'><strong>videris</strong></span> <span class='ocrx_word' id='word_1_276' title='bbox 623 2723 658 2776; x_wconf 87' lang='lat' dir='ltr'><strong>de</strong></span> <span class='ocrx_word' id='word_1_277' title='bbox 679 2741 720 2790; x_wconf 85' lang='lat' dir='ltr'><strong>ea,</strong></span> <span class='ocrx_word' id='word_1_278' title='bbox 744 2724 768 2776; x_wconf 89' lang='lat' dir='ltr'><strong>si</strong></span> <span class='ocrx_word' id='word_1_279' title='bbox 791 2741 874 2792; x_wconf 91' lang='lat' dir='ltr'><strong>quam</strong></span> <span class='ocrx_word' id='word_1_280' title='bbox 895 2741 969 2777; x_wconf 90' lang='lat' dir='ltr'><strong>nune</strong></span> <span class='ocrx_word' id='word_1_281' title='bbox 990 2726 1134 2794; x_wconf 83' lang='lat' dir='ltr'><strong>habemus,</strong></span> 
     </span>
     <span class='ocr_line' id='line_1_32' title="bbox 152 2801 1137 2872; baseline 0.002 -16"><span class='ocrx_word' id='word_1_282' title='bbox 152 2805 293 2872; x_wconf 75' lang='lat' dir='ltr'><strong>facultate,</strong></span> <span class='ocrx_word' id='word_1_283' title='bbox 308 2810 401 2858; x_wconf 89' lang='lat' dir='ltr'><strong>tamen</strong></span> <span class='ocrx_word' id='word_1_284' title='bbox 414 2803 598 2857; x_wconf 85' lang='lat' dir='ltr'><strong>adolescentes</strong></span> <span class='ocrx_word' id='word_1_285' title='bbox 612 2802 680 2870; x_wconf 89' lang='lat' dir='ltr'><strong>quid</strong></span> <span class='ocrx_word' id='word_1_286' title='bbox 691 2801 721 2854; x_wconf 91' lang='lat' dir='ltr'><strong>in</strong></span> <span class='ocrx_word' id='word_1_287' title='bbox 735 2801 841 2855; x_wconf 85' lang='lat' dir='ltr'><strong>Latinis</strong></span> <span class='ocrx_word' id='word_1_288' title='bbox 854 2804 946 2871; x_wconf 91' lang='lat' dir='ltr'><strong>potius</strong></span> <span class='ocrx_word' id='word_1_289' title='bbox 965 2804 1137 2858; x_wconf 85' lang='lat' dir='ltr'><strong>imitaremur</strong></span> 
     </span>
     <span class='ocr_line' id='line_1_33' title="bbox 152 2881 1137 2949; baseline 0.002 -14"><span class='ocrx_word' id='word_1_290' title='bbox 152 2899 208 2936; x_wconf 91' lang='lat' dir='ltr'><strong>non</strong></span> <span class='ocrx_word' id='word_1_291' title='bbox 228 2883 401 2937; x_wconf 84' lang='lat' dir='ltr'><strong>habebamus.</strong></span> <span class='ocrx_word' id='word_1_292' title='bbox 447 2883 511 2935; x_wconf 82' lang='lat'>299.</span> <span class='ocrx_word' id='word_1_293' title='bbox 537 2881 618 2945; x_wconf 83' lang='lat' dir='ltr'><strong>Quod</strong></span> <span class='ocrx_word' id='word_1_294' title='bbox 637 2885 730 2934; x_wconf 89' lang='lat' dir='ltr'><strong>autem</strong></span> <span class='ocrx_word' id='word_1_295' title='bbox 753 2881 844 2949; x_wconf 88' lang='lat' dir='ltr'><strong>plures</strong></span> <span class='ocrx_word' id='word_1_296' title='bbox 864 2899 880 2935; x_wconf 89' lang='lat' dir='ltr'><strong>a</strong></span> <span class='ocrx_word' id='word_1_297' title='bbox 901 2882 981 2935; x_wconf 85' lang='lat' dir='ltr'><strong>nobis</strong></span> <span class='ocrx_word' id='word_1_298' title='bbox 1000 2884 1137 2937; x_wconf 88' lang='lat' dir='ltr'><strong>nominati</strong></span> 
     </span>
     <span class='ocr_line' id='line_1_34' title="bbox 152 2959 1137 3029; baseline 0.004 -17"><span class='ocrx_word' id='word_1_299' title='bbox 152 2966 227 3028; x_wconf 89' lang='lat' dir='ltr'><strong>sunt,</strong></span> <span class='ocrx_word' id='word_1_300' title='bbox 242 2978 275 3014; x_wconf 91' lang='lat' dir='ltr'><strong>ee</strong></span> <span class='ocrx_word' id='word_1_301' title='bbox 294 2962 437 3029; x_wconf 81' lang='lat' dir='ltr'><strong>pertinmt,</strong></span> <span class='ocrx_word' id='word_1_302' title='bbox 453 2965 486 3013; x_wconf 95' lang='lat' dir='ltr'><strong>ut</strong></span> <span class='ocrx_word' id='word_1_303' title='bbox 507 2959 590 3027; x_wconf 89' lang='lat' dir='ltr'><strong>paule</strong></span> <span class='ocrx_word' id='word_1_304' title='bbox 609 2963 673 3013; x_wconf 84' lang='lat' dir='ltr'><strong>ante</strong></span> <span class='ocrx_word' id='word_1_305' title='bbox 694 2959 759 3026; x_wconf 85' lang='lat' dir='ltr'><strong>dixi,</strong></span> <span class='ocrx_word' id='word_1_306' title='bbox 778 2960 853 3028; x_wconf 88' lang='lat' dir='ltr'><strong>quod</strong></span> <span class='ocrx_word' id='word_1_307' title='bbox 874 2961 991 3029; x_wconf 81' lang='lat' dir='ltr'><strong>intelligi</strong></span> <span class='ocrx_word' id='word_1_308' title='bbox 1004 2961 1090 3028; x_wconf 89' lang='lat' dir='ltr'><strong>volui,</strong></span> <span class='ocrx_word' id='word_1_309' title='bbox 1106 2964 1137 3016; x_wconf 93' lang='lat' dir='ltr'><strong>in</strong></span> 
     </span>
     <span class='ocr_line' id='line_1_35' title="bbox 152 3039 1136 3107; baseline 0.001 -14"><span class='ocrx_word' id='word_1_310' title='bbox 152 3057 194 3106; x_wconf 90' lang='lat' dir='ltr'><strong>eo,</strong></span> <span class='ocrx_word' id='word_1_311' title='bbox 209 3040 288 3107; x_wconf 89' lang='lat' dir='ltr'><strong>cujus</strong></span> <span class='ocrx_word' id='word_1_312' title='bbox 307 3057 401 3092; x_wconf 91' lang='lat' dir='ltr'><strong>omnes</strong></span> <span class='ocrx_word' id='word_1_313' title='bbox 420 3039 587 3106; x_wconf 84' lang='lat' dir='ltr'><strong>cupidissimi</strong></span> <span class='ocrx_word' id='word_1_314' title='bbox 607 3042 705 3104; x_wconf 88' lang='lat' dir='ltr'><strong>essent,</strong></span> <span class='ocrx_word' id='word_1_315' title='bbox 723 3056 806 3106; x_wconf 92' lang='lat' dir='ltr'><strong>quam</strong></span> <span class='ocrx_word' id='word_1_316' title='bbox 825 3040 906 3107; x_wconf 88' lang='lat' dir='ltr'><strong>pauci</strong></span> <span class='ocrx_word' id='word_1_317' title='bbox 925 3039 1003 3107; x_wconf 81' lang='lat' dir='ltr'><strong>digni</strong></span> <span class='ocrx_word' id='word_1_318' title='bbox 1023 3041 1136 3094; x_wconf 89' lang='lat' dir='ltr'><strong>nomine</strong></span> 
     </span>
     <span class='ocr_line' id='line_1_36' title="bbox 152 3116 1136 3186; baseline 0 -15"><span class='ocrx_word' id='word_1_319' title='bbox 152 3119 304 3172; x_wconf 82' lang='lat' dir='ltr'><strong>evaderent</strong></span> <span class='ocrx_word' id='word_1_320' title='bbox 349 3118 438 3182; x_wconf 85' lang='lat' dir='ltr'><strong>Quare</strong></span> <span class='ocrx_word' id='word_1_321' title='bbox 459 3116 547 3186; x_wconf 77' lang='grc' dir='ltr'>εἴρωνα</span> <span class='ocrx_word' id='word_1_322' title='bbox 566 3135 619 3184; x_wconf 88' lang='lat' dir='ltr'><strong>me,</strong></span> <span class='ocrx_word' id='word_1_323' title='bbox 635 3135 670 3170; x_wconf 88' lang='lat' dir='ltr'><strong>ne</strong></span> <span class='ocrx_word' id='word_1_324' title='bbox 690 3117 872 3171; x_wconf 81' lang='lat' dir='ltr'><strong>siAsricanus</strong></span> <span class='ocrx_word' id='word_1_325' title='bbox 892 3118 1005 3186; x_wconf 88' lang='lat' dir='ltr'><strong>quidem</strong></span> <span class='ocrx_word' id='word_1_326' title='bbox 1022 3119 1086 3185; x_wconf 87' lang='lat' dir='ltr'><strong>fuit,</strong></span> <span class='ocrx_word' id='word_1_327' title='bbox 1102 3126 1136 3172; x_wconf 93' lang='lat' dir='ltr'><strong>ut</strong></span> 
     </span>
     <span class='ocr_line' id='line_1_37' title="bbox 151 3196 1133 3264; baseline 0 -14"><span class='ocrx_word' id='word_1_328' title='bbox 151 3199 191 3250; x_wconf 88' lang='lat' dir='ltr'><strong>ait</strong></span> <span class='ocrx_word' id='word_1_329' title='bbox 210 3198 240 3250; x_wconf 89' lang='lat' dir='ltr'><strong>in</strong></span> <span class='ocrx_word' id='word_1_330' title='bbox 260 3197 374 3250; x_wconf 88' lang='lat' dir='ltr'><strong>historia</strong></span> <span class='ocrx_word' id='word_1_331' title='bbox 397 3214 446 3249; x_wconf 84' lang='lat' dir='ltr'><strong>sue</strong></span> <span class='ocrx_word' id='word_1_332' title='bbox 470 3197 498 3250; x_wconf 80' lang='lat' dir='ltr'><strong>(l.</strong></span> <span class='ocrx_word' id='word_1_333' title='bbox 526 3196 657 3262; x_wconf 79' lang='lat' dir='ltr'><strong>Fannius,</strong></span> <span class='ocrx_word' id='word_1_334' title='bbox 683 3196 834 3248; x_wconf 82' lang='lat' dir='ltr'><strong>existimari</strong></span> <span class='ocrx_word' id='word_1_335' title='bbox 851 3197 942 3251; x_wconf 91' lang='lat' dir='ltr'><strong>velim.</strong></span> <span class='ocrx_word' id='word_1_336' title='bbox 987 3197 1027 3248; x_wconf 92' lang='lat' dir='ltr'><strong>Ut</strong></span> <span class='ocrx_word' id='word_1_337' title='bbox 1050 3198 1133 3264; x_wconf 81' lang='lat' dir='ltr'><strong>veles,</strong></span> 
     </span>
     <span class='ocr_line' id='line_1_38' title="bbox 151 3274 1137 3344; baseline 0 -15"><span class='ocrx_word' id='word_1_338' title='bbox 151 3277 244 3344; x_wconf 90' lang='lat' dir='ltr'><strong>inquit</strong></span> <span class='ocrx_word' id='word_1_339' title='bbox 256 3277 386 3340; x_wconf 85' lang='lat' dir='ltr'><strong>Atticus;</strong></span> <span class='ocrx_word' id='word_1_340' title='bbox 406 3275 544 3344; x_wconf 83' lang='lat' dir='ltr'><strong>egoenim</strong></span> <span class='ocrx_word' id='word_1_341' title='bbox 563 3291 621 3328; x_wconf 89' lang='lat' dir='ltr'><strong>nen</strong></span> <span class='ocrx_word' id='word_1_342' title='bbox 633 3274 754 3328; x_wconf 87' lang='lat' dir='ltr'><strong>alienum</strong></span> <span class='ocrx_word' id='word_1_343' title='bbox 774 3292 791 3327; x_wconf 87' lang='lat' dir='ltr'><strong>a</strong></span> <span class='ocrx_word' id='word_1_344' title='bbox 803 3279 832 3328; x_wconf 90' lang='lat' dir='ltr'><strong>te</strong></span> <span class='ocrx_word' id='word_1_345' title='bbox 852 3275 993 3343; x_wconf 86' lang='lat' dir='ltr'><strong>putabam,</strong></span> <span class='ocrx_word' id='word_1_346' title='bbox 1010 3275 1086 3343; x_wconf 90' lang='lat' dir='ltr'><strong>qued</strong></span> <span class='ocrx_word' id='word_1_347' title='bbox 1106 3283 1137 3329; x_wconf 89' lang='lat' dir='ltr'><strong>et</strong></span> 
     </span>
     <span class='ocr_line' id='line_1_39' title="bbox 151 3351 1137 3421; baseline -0.001 -13"><span class='ocrx_word' id='word_1_348' title='bbox 151 3356 180 3408; x_wconf 92' lang='lat' dir='ltr'><strong>in</strong></span> <span class='ocrx_word' id='word_1_349' title='bbox 194 3355 323 3408; x_wconf 79' lang='lat' dir='ltr'><strong>Africano</strong></span> <span class='ocrx_word' id='word_1_350' title='bbox 336 3355 433 3408; x_wconf 84' lang='lat' dir='ltr'><strong>fuisset</strong></span> <span class='ocrx_word' id='word_1_351' title='bbox 452 3358 481 3408; x_wconf 88' lang='lat' dir='ltr'><strong>et</strong></span> <span class='ocrx_word' id='word_1_352' title='bbox 500 3355 530 3406; x_wconf 92' lang='lat' dir='ltr'><strong>in</strong></span> <span class='ocrx_word' id='word_1_353' title='bbox 544 3353 660 3406; x_wconf 85' lang='lat' dir='ltr'><strong>Socrate.</strong></span> <span class='ocrx_word' id='word_1_354' title='bbox 706 3351 771 3406; x_wconf 88' lang='lat'>300.</span> <span class='ocrx_word' id='word_1_355' title='bbox 796 3353 865 3406; x_wconf 80' lang='lat' dir='ltr'><strong>Tum</strong></span> <span class='ocrx_word' id='word_1_356' title='bbox 885 3353 999 3421; x_wconf 88' lang='lat' dir='ltr'><strong>Brutus,</strong></span> <span class='ocrx_word' id='word_1_357' title='bbox 1017 3353 1061 3406; x_wconf 88' lang='lat' dir='ltr'><strong>De</strong></span> <span class='ocrx_word' id='word_1_358' title='bbox 1080 3355 1137 3407; x_wconf 84' lang='lat' dir='ltr'><strong>iste</strong></span> 
     </span>
     <span class='ocr_line' id='line_1_40' title="bbox 150 3432 1137 3502; baseline -0.002 -14"><span class='ocrx_word' id='word_1_359' title='bbox 150 3439 264 3502; x_wconf 87' lang='lat' dir='ltr'><strong>pestea;</strong></span> <span class='ocrx_word' id='word_1_360' title='bbox 294 3433 341 3488; x_wconf 83' lang='lat' dir='ltr'><strong>sed</strong></span> <span class='ocrx_word' id='word_1_361' title='bbox 365 3437 404 3500; x_wconf 92' lang='lat' dir='ltr'><strong>tu,</strong></span> <span class='ocrx_word' id='word_1_362' title='bbox 429 3433 521 3502; x_wconf 93' lang='lat' dir='ltr'><strong>inquit</strong></span> <span class='ocrx_word' id='word_1_363' title='bbox 543 3450 588 3485; x_wconf 93' lang='lat' dir='ltr'><strong>me</strong></span> <span class='ocrx_word' id='word_1_364' title='bbox 613 3432 735 3499; x_wconf 82' lang='lat' dir='ltr'><strong>intuens,</strong></span> <span class='ocrx_word' id='word_1_365' title='bbox 764 3433 900 3485; x_wconf 84' lang='lat' dir='ltr'><strong>orationes</strong></span> <span class='ocrx_word' id='word_1_366' title='bbox 926 3433 1005 3485; x_wconf 91' lang='lat' dir='ltr'><strong>nobis</strong></span> <span class='ocrx_word' id='word_1_367' title='bbox 1029 3438 1137 3486; x_wconf 86' lang='lat' dir='ltr'><strong>veteres</strong></span> 
     </span>
     <span class='ocr_line' id='line_1_41' title="bbox 150 3510 1137 3580; baseline 0 -15"><span class='ocrx_word' id='word_1_368' title='bbox 150 3513 319 3580; x_wconf 83' lang='lat' dir='ltr'><strong>explicabisl</strong></span> <span class='ocrx_word' id='word_1_369' title='bbox 357 3512 441 3580; x_wconf 87' lang='lat' dir='ltr'><strong>Vere,</strong></span> <span class='ocrx_word' id='word_1_370' title='bbox 466 3513 589 3580; x_wconf 88' lang='lat' dir='ltr'><strong>inquam,</strong></span> <span class='ocrx_word' id='word_1_371' title='bbox 616 3510 722 3574; x_wconf 87' lang='lat' dir='ltr'><strong>Brute;</strong></span> <span class='ocrx_word' id='word_1_372' title='bbox 746 3511 795 3563; x_wconf 87' lang='lat' dir='ltr'><strong>sed</strong></span> <span class='ocrx_word' id='word_1_373' title='bbox 821 3511 851 3563; x_wconf 93' lang='lat' dir='ltr'><strong>in</strong></span> <span class='ocrx_word' id='word_1_374' title='bbox 878 3511 1001 3564; x_wconf 80' lang='lat' dir='ltr'><strong>Oumano</strong></span> <span class='ocrx_word' id='word_1_375' title='bbox 1027 3516 1078 3564; x_wconf 90' lang='lat' dir='ltr'><strong>aut</strong></span> <span class='ocrx_word' id='word_1_376' title='bbox 1106 3514 1137 3565; x_wconf 95' lang='lat' dir='ltr'><strong>in</strong></span> 
     </span>
     <span class='ocr_line' id='line_1_42' title="bbox 152 3589 1137 3660; baseline 0 -16"><span class='ocrx_word' id='word_1_377' title='bbox 152 3591 304 3644; x_wconf 73' lang='lat' dir='ltr'><strong>&#39;Paisoulano</strong></span> <span class='ocrx_word' id='word_1_378' title='bbox 317 3591 474 3660; x_wconf 86' lang='lat' dir='ltr'><strong>aliquando,</strong></span> <span class='ocrx_word' id='word_1_379' title='bbox 490 3589 608 3643; x_wconf 87' lang='lat' dir='ltr'><strong>simodo</strong></span> <span class='ocrx_word' id='word_1_380' title='bbox 627 3590 731 3656; x_wconf 88' lang='lat' dir='ltr'><strong>licebit,</strong></span> <span class='ocrx_word' id='word_1_381' title='bbox 748 3589 878 3657; x_wconf 87' lang='lat' dir='ltr'><strong>queniam</strong></span> <span class='ocrx_word' id='word_1_382' title='bbox 897 3594 1016 3658; x_wconf 88' lang='lat' dir='ltr'><strong>utroque</strong></span> <span class='ocrx_word' id='word_1_383' title='bbox 1029 3591 1060 3642; x_wconf 91' lang='lat' dir='ltr'><strong>in</strong></span> <span class='ocrx_word' id='word_1_384' title='bbox 1074 3591 1137 3645; x_wconf 90' lang='lat' dir='ltr'><strong>loco</strong></span> 
     </span>
     <span class='ocr_line' id='line_1_43' title="bbox 170 3667 1136 3738; baseline 0.003 -17"><span class='ocrx_word' id='word_1_385' title='bbox 170 3670 233 3722; x_wconf 88' lang='lat' dir='ltr'><strong>ioini</strong></span> <span class='ocrx_word' id='word_1_386' title='bbox 256 3687 356 3726; x_wconf 89' lang='lat' dir='ltr'><strong>sumus.</strong></span> <span class='ocrx_word' id='word_1_387' title='bbox 401 3670 455 3724; x_wconf 85' lang='lat' dir='ltr'><strong>Sed</strong></span> <span class='ocrx_word' id='word_1_388' title='bbox 475 3670 534 3738; x_wconf 77' lang='lat' dir='ltr'><strong>jam</strong></span> <span class='ocrx_word' id='word_1_389' title='bbox 555 3667 591 3722; x_wconf 86' lang='lat' dir='ltr'><strong>ed</strong></span> <span class='ocrx_word' id='word_1_390' title='bbox 611 3668 651 3736; x_wconf 88' lang='lat' dir='ltr'><strong>id,</strong></span> <span class='ocrx_word' id='word_1_391' title='bbox 674 3668 749 3720; x_wconf 89' lang='lat' dir='ltr'><strong>unde</strong></span> <span class='ocrx_word' id='word_1_392' title='bbox 771 3668 885 3736; x_wconf 84' lang='lat' dir='ltr'><strong>digressi</strong></span> <span class='ocrx_word' id='word_1_393' title='bbox 911 3686 1015 3737; x_wconf 89' lang='lat' dir='ltr'><strong>sumus,</strong></span> <span class='ocrx_word' id='word_1_394' title='bbox 1044 3687 1136 3724; x_wconf 87' lang='lat' dir='ltr'><strong>rever·</strong></span> 
     </span>
     <span class='ocr_line' id='line_1_44' title="bbox 174 3764 248 3804; baseline 0.027 -3"><span class='ocrx_word' id='word_1_395' title='bbox 174 3764 248 3804; x_wconf 78' lang='lat' dir='ltr'><strong>mur.</strong></span> 
     </span>
    </p>
   </div>
   <div class='ocr_carea' id='block_1_3' title="bbox 0 0 1232 4162">
    <p class='ocr_par' dir='ltr' id='par_1_4' title="bbox 0 0 1232 4162">
     <span class='ocr_line' id='line_1_45' title="bbox 0 0 1232 4162; baseline 0 2"><span class='ocrx_word' id='word_1_396' title='bbox 0 0 1232 4162; x_wconf 95' lang='lat' dir='ltr'><strong> </strong></span> 
     </span>
    </p>
   </div>
  </div>
 </body>
</html>
