2436 4164
171 261 187 312 2
480 261 515 303 Μ.
536 261 645 302 dunen
665 259 833 303 CICERONIS

169 399 313 465 molestias,
330 400 377 451 sed
391 399 509 451 effecerit
521 399 632 450 mollem
645 398 729 450 etiam
749 401 777 450 et
794 398 947 466 jucundam
967 403 1146 454 senectutem.

167 477 320 549 Nunquam
333 478 417 544 igitur
430 478 495 530 satis
507 477 614 530 laudari
627 477 709 545 digne
730 477 832 546 poterit
845 477 1023 545 philosophia,
1040 479 1085 531 cui
1098 480 1148 547 qui
1189 487 1190 490 ’

169 561 273 624 pareat,
303 574 382 608 omne
408 561 518 623 tempus
550 555 641 608 aetatis
674 557 732 607 sine
764 555 889 608 molestia
921 557 1006 624 possit
1039 557 1145 627 degere.

170 638 195 688 3.
220 635 274 688 Sed
296 635 330 687 de
354 635 449 687 ceteris
468 639 497 686 et
519 635 638 686 diximus
660 635 758 700 multa,
773 639 802 686 et
824 651 894 702 saepe
915 635 1054 689 dicemus:
1075 637 1150 689 hunc

171 714 271 766 librum
285 714 319 766 de
334 717 473 766 senectute
486 713 522 765 ad
535 717 564 766 te
577 713 706 766 misimus.
750 712 867 766 Omnem
883 717 976 766 autem
997 731 1150 767 sermonem

169 793 316 844 tribuimus
343 810 399 844 non
426 791 552 858 Tithono,
577 795 610 844 ut
634 791 727 844 Aristo
751 791 835 844 Chius
855 791 962 860 (parum
983 793 1057 844 enim
1079 799 1151 846 esset

170 871 340 923 auctoritatis
366 871 396 924 in
422 871 535 939 fabula),
564 871 611 922 sed
639 871 679 924 M.
713 870 811 924 Catoni
834 871 901 936 seni,
934 889 989 940 quo
1019 872 1152 940 majorem
1189 909 1190 970 p

169 951 362 1004 auctoritatem
375 949 488 1002 haberet
501 950 588 1001 oratio
600 969 607 1012 ;
627 949 701 1016 apud
715 967 797 1016 quem
810 949 927 1001 Laelium
947 955 975 1002 et
996 949 1152 1018 Scipionem

170 1029 285 1080 facimus
299 1027 472 1094 admirantes,
489 1027 564 1096 quod
584 1028 607 1079 is
620 1033 679 1080 tam
692 1028 770 1080 facile
785 1031 953 1080 senectutem
966 1030 1046 1096 ferat,
1061 1030 1152 1097 iisque

171 1124 234 1158 eum
260 1101 476 1174 respondentem.
535 1105 589 1169 Qui
616 1106 639 1158 si
672 1107 807 1159 eruditius
834 1107 972 1159 videbitur
998 1107 1150 1175 disputare,

170 1202 253 1252 quam
277 1185 418 1236 consuevit
437 1185 494 1252 ipse
514 1185 544 1236 in
564 1185 620 1237 suis
639 1184 723 1251 libris,
746 1185 891 1238 attribuito
912 1185 1012 1238 litteris
1036 1186 1150 1253 Groecis,

171 1280 287 1331 quarum
311 1267 418 1316 constat
439 1281 502 1316 eum
523 1263 724 1330 perstudiosum
746 1263 829 1316 fuisse
852 1265 882 1315 in
905 1269 1052 1317 senectute.
1097 1265 1151 1318 Sed

171 1342 237 1408 quid
252 1358 320 1409 opus
334 1346 375 1393 est
389 1341 489 1410 plural
514 1341 535 1393 J
536 1359 580 1394 am
593 1343 667 1394 enim
679 1343 764 1409 ipsius
778 1342 889 1395 Catonis
902 1360 990 1395 sermo
1004 1343 1153 1411 explicabit

170 1424 292 1473 nostram
306 1437 414 1473 omnem
427 1420 462 1472 de
475 1425 615 1472 senectute
628 1421 800 1475 sententiam.

211 1499 248 1551 II.
294 1501 319 1552 4.
345 1499 446 1553 Semo.
489 1499 680 1567 Saepenumero
701 1499 830 1552 admirari
856 1501 929 1552 soleo
953 1518 1015 1553 cum
1038 1501 1090 1554 hoc
1118 1503 1148 1556 0.

171 1577 265 1643 Laelio,
282 1595 368 1646 quum
381 1583 531 1630 ceterarum
544 1595 636 1630 rerum
649 1582 727 1630 tuam
740 1579 926 1646 excellentem,
942 1579 980 1632 M.
999 1579 1075 1645 Cato,
1091 1598 1153 1648 per·

171 1658 325 1724 fectamque
339 1657 509 1724 sapientiam,
525 1660 587 1708 tum
600 1657 645 1708 vel
665 1657 793 1723 maxime,
809 1657 883 1725 quod
904 1673 1046 1726 nunquam
1060 1676 1153 1711 senec-

171 1739 262 1786 tutem
285 1734 338 1786 tibi
358 1752 469 1801 gravem
490 1751 547 1786 esse
571 1735 722 1798 senserim
748 1751 811 1802 quae
830 1736 965 1804 plerisque
982 1737 1092 1789 senibus
1114 1739 1154 1790 sic

172 1813 265 1865 odiosa
279 1817 329 1879 est,
345 1817 378 1864 ut
391 1830 460 1864 onus
480 1829 508 1864 se
522 1813 610 1864 AEtna
630 1813 740 1879 gravius
761 1813 855 1866 dicant
876 1815 1017 1867 sustinere.
1062 1813 1148 1870 Grac.

172 1892 243 1944 Rem
264 1891 339 1943 haud
363 1908 436 1956 sanc,
452 1889 541 1957 Scipio
565 1896 594 1942 et
615 1889 690 1955 Laeli,
709 1891 846 1943 difficilem
866 1892 994 1945 admirari
1007 1893 1148 1949 videmini

173 1970 279 2034 Quibus
292 1970 365 2021 enim
379 1969 448 2021 nihil
462 1973 503 2020 est
521 1968 551 2020 in
563 1969 628 2036 ipsis
642 1969 701 2036 opis
713 1969 749 2020 ad
762 1969 831 2020 bene
844 1970 976 2038 beateque
990 1973 1151 2041 vivendum,
1189 2023 1190 2040 ,

172 2050 206 2100 iis
227 2049 315 2100 omnis
337 2051 404 2100 aetas
425 2048 515 2116 gravis
529 2051 589 2101 est:
610 2048 659 2116 qui
679 2051 773 2100 autem
796 2049 888 2101 omnia
909 2049 980 2102 bona
1001 2067 1019 2103 a
1038 2069 1066 2104 se
1086 2053 1153 2120 ipsis
1188 2043 1190 2180 ⁴

173 2131 282 2194 petunt,
297 2127 331 2179 iis
352 2127 422 2179 nihil
440 2130 531 2195 potest
549 2127 653 2179 malum
672 2127 769 2193 videri,
785 2127 859 2194 quod
880 2132 986 2182 naturae
1006 2131 1154 2184 necessitas

173 2207 278 2260 efferat.
320 2206 380 2270 Quo
404 2207 433 2258 in
460 2223 560 2274 genera
584 2211 626 2258 est
652 2206 682 2258 in
708 2206 804 2274 primis
830 2211 976 2271 senectus;
1010 2225 1093 2276 quam
1119 2215 1152 2262 ut

173 2285 367 2352 adipiscantur,
384 2303 477 2337 omnes
491 2289 609 2352 optant;
629 2285 744 2336 eandem
757 2290 885 2338 accusant
904 2286 1053 2354 adeptam:
1073 2291 1151 2340 tauta

174 2368 216 2416 est
239 2364 366 2416 stultitiae
379 2363 571 2428 inconstantia,
587 2367 670 2430 atque
690 2364 857 2430 perversitas
901 2364 1045 2432 Obreperc,
1061 2367 1151 2433 aiunt,

175 2459 236 2495 eam
248 2443 328 2494 citius
349 2459 431 2508 quam
451 2445 601 2509 putassent.
646 2441 778 2508 Primum,
795 2443 856 2510 quis
874 2444 962 2510 coegit
985 2461 1030 2496 eos
1052 2445 1151 2498 falsum
1188 2479 1190 2508 r

174 2525 271 2588 putare
283 2521 293 2572 l
333 2519 387 2583 Qui
401 2521 474 2572 enim
488 2519 568 2572 citius
578 2519 768 2572 adolescentiae
781 2525 915 2588 senectus,
931 2539 1013 2614 quam
1026 2525 1153 2590 pueritiae

174 2599 356 2652 adolescentia
381 2597 509 2668 obrepitl
560 2597 675 2664 Deinde,
704 2601 752 2666 qui
778 2601 870 2652 minus
893 2601 983 2669 gravis
1016 2607 1087 2656 esset
1119 2605 1154 2657 iis
1189 2635 1190 2646 κ

175 2682 309 2745 senectus,
330 2677 353 2729 si
376 2676 631 2744 octingentesimum
654 2695 757 2730 annum
780 2683 900 2746 agerent,
924 2697 1006 2747 quam
1029 2682 1052 2734 si
1079 2687 1154 2736 octo

175 2757 330 2825 gesimuml
369 2755 513 2808 Praeterita
526 2755 599 2807 enim
612 2760 688 2822 aetas,
704 2758 828 2824 quamvis
847 2758 937 2825 longa,
953 2775 1039 2826 quum
1059 2763 1154 2814 efflux-
1189 2791 1190 2860 p

176 2838 250 2902 isset,
266 2837 343 2888 nulla
357 2835 540 2888 consolatione
553 2835 719 2902 permulcere
733 2841 824 2903 posset
838 2837 951 2889 stultam
972 2843 1150 2895 senectutem.
1189 2863 1190 2866 ¹

179 2917 203 2967 5.
229 2914 359 2976 Quocirca
373 2913 396 2965 si
409 2913 570 2981 sapientiam
590 2930 678 2966 meam
696 2913 825 2967 admirari
845 2915 937 2968 soletis
959 2917 1032 2984 (quse
1045 2919 1152 2972 utinam
1189 2895 1190 2958 i

176 2993 260 3060 digna
283 2997 353 3044 esset
369 2993 507 3059 »opinione
528 2997 620 3046 vestra
646 2997 796 3060 nostroque
820 2994 978 3062 cognomine
993 2995 1021 3064 l),
1047 2996 1077 3050 in
1101 2999 1154 3052 hoc
1189 3013 1190 3064 l

176 3088 270 3122 sumus
301 3070 445 3138 sapientes,
474 3072 548 3139 quod
574 3076 701 3124 naturam
728 3073 859 3139 optimam
886 3072 993 3140 ducem,
1020 3079 1154 3144 tanquam
1189 3071 1190 3074 ¹

177 3149 276 3216 Deum,
292 3149 439 3218 sequimur,
456 3150 535 3218 eique
551 3167 695 3218 paremus:
716 3168 732 3202 a
752 3167 816 3219 qua,
839 3168 894 3204 non
908 3152 966 3204 veri
989 3153 1077 3206 simile
1102 3162 1153 3222 est,

177 3245 264 3296 quum
290 3232 386 3280 ceterae
413 3233 504 3296 partes
531 3230 621 3282 [etatis
647 3231 724 3282 bene.
738 3229 880 3298 descriptas
904 3231 969 3296 sint,
998 3236 1155 3286 extremum

176 3312 277 3373 actum,
293 3312 425 3376 tanquam
445 3307 480 3360 ab
501 3307 583 3360 inerti
603 3313 693 3376 poeta,
708 3325 766 3360 esse
787 3310 948 3377 neglectum.
993 3309 1047 3362 Sed
1060 3316 1154 3365 tamen

177 3403 284 3439 necesse
307 3386 361 3438 fuit
382 3404 439 3438 esse
463 3385 567 3454 aliquid
590 3391 752 3453 extremum,
768 3391 805 3453 et,
821 3392 953 3456 tanquam
975 3389 1003 3441 in
1027 3390 1154 3444 arborum

176 3465 264 3517 baccis
276 3469 409 3533 terraeque
429 3465 575 3532 fructibus,
590 3466 750 3517 maturitate
771 3467 933 3534 tempestiva
957 3467 1154 3534 quasi·victum

176 3549 204 3596 ct
226 3544 375 3596 caducum:
397 3543 471 3611 quod
488 3543 631 3595 ferendum
653 3548 694 3595 est
715 3544 835 3597 molliter
852 3545 974 3612 sapienti.
1019 3547 1094 3609 Quid
1114 3543 1168 3604 est¹
1189 3567 1190 3618 i

176 3622 249 3675 enim
275 3623 350 3675 aliud
377 3621 528 3689 Gigantum
551 3623 631 3674 modo
655 3623 755 3674 bellare
782 3641 844 3675 cum
871 3623 939 3690 Diis,
968 3625 1021 3676 nisi
1048 3631 1158 3684 natnrae
1189 3629 1190 3632 ’

188 3701 345 3770 spugnarel
387 3703 411 3755 ὓ.
437 3701 558 3754 Lmnms
601 3701 697 3768 Atqui,
714 3697 788 3766 Cito,
805 3703 990 3770 gratissimum
1009 3703 1101 3768 nobis,
1126 3712 1155 3757 ut
