2436 4164
133 257 172 311 34
451 270 486 312 11.
508 271 619 314 111111
640 269 808 313 0101101111

133 425 177 460 me
204 412 232 460 01
255 407 407 476 Scipionem
429 409 463 462 de
487 409 607 462 amicitia
630 409 838 462 disserebantur.
884 407 1048 474 Quanquam
1070 408 1124 461 1110

134 486 245 555 quidem
255 487 325 540 nihil
338 487 473 540 difficilius
484 505 541 540 esse
552 487 659 541 dicebat
670 505 752 556 quam
762 487 910 540 amicitiam
921 504 1008 554 usque
1019 487 1054 539 ad
1066 505 1120 540 ex·
1197 544 1198 559 ,

133 570 253 618 11011111
260 567 327 618 vitae
340 566 413 619 diem
426 583 591 634 permanere.
615 567 690 620 Nam
705 568 757 633 vel,
770 571 869 618 utnon
882 565 956 618 idem
970 567 1118 633 expediret

133 645 253 712 utrique,
268 645 389 698 incidere
411 662 503 713 saepe;
527 646 580 711 vel,
604 650 637 698 ut
651 646 685 698 de
698 646 836 713 republica
859 661 915 697 non
936 645 1119 697 1101100111-

133 727 210 775 retur
223 743 231 787 ;
244 724 345 776 mutari
358 724 441 776 etiam
455 741 542 776 mores
552 725 694 776 hominum
705 741 776 792 saepe
784 724 900 798 dicebat,
916 723 983 776 alias
993 723 1119 776 adversis

133 802 222 868 rebus,
234 803 300 854 alias
314 806 395 854 aetate
408 803 618 870 ingravescente.
643 804 736 870 Atque
750 819 843 856 aarum
853 819 944 854 rerum
957 803 1117 870 exemplum

134 898 169 932 ex
183 881 363 933 similitudine
377 873 500 948 capiebat
519 881 640 934 ineuntis
654 883 753 948 aetatis,
765 882 839 950 quod
852 881 952 933 summi
964 898 1117 948 puerorum

133 975 238 1011 amores
262 975 333 1027 saepe
356 977 413 1012 una
437 977 499 1012 cum
525 964 660 1027 praetexta
687 965 752 1028 toga
779 964 964 1028 ponerentur:
996 962 1046 1014 34.
1068 961 1114 1012 sin

133 1041 227 1090 autem
240 1039 275 1090 ad
289 1038 499 1091 adolescentiam
518 1039 728 1106 perduxissent;
749 1039 840 1091 dirimi
859 1043 952 1090 tamen
971 1038 1117 1091 interdum

133 1117 309 1169 contentione
322 1117 367 1168 vel
379 1118 484 1170 uxoriae
498 1118 669 1184 conditionis,
684 1119 729 1170 vel
742 1117 877 1170 commodi
889 1117 1013 1184 alicujus,
1037 1118 1115 1184 quod
1197 1178 1198 1183 ¹

134 1195 206 1246 idem
232 1195 345 1262 adipisci
366 1199 481 1264 uterque
504 1213 560 1249 non
583 1201 680 1264 posset.
735 1195 816 1260 Quod
838 1196 862 1248 si
883 1197 931 1264 qui
954 1195 1062 1262 longius,
1083 1196 1115 1248 in
1197 1200 1198 1211 ²

133 1273 252 1326 amicitia
265 1275 386 1341 provecti
400 1279 499 1341 essent,
514 1279 607 1327 tamen
627 1293 697 1342 scope
717 1275 884 1341 labefactari,
907 1275 930 1328 si
950 1273 979 1326 in
999 1274 1114 1326 honoris

133 1353 336 1406 contentionem
349 1353 529 1417 incidissent3
549 1358 653 1421 pestem
676 1355 750 1406 enim
773 1353 879 1406 nuliam
901 1353 1033 1421 majorem
1053 1371 1114 1406 esse

133 1431 268 1499 amicitiis,
284 1449 367 1500 quam
387 1433 417 1485 in
440 1433 575 1501 plerisque
597 1433 719 1500 pecuniae
740 1432 928 1500 cupiditatem,
950 1432 980 1483 in
1000 1433 1114 1500 optimis

133 1511 285 1579 quibusque
299 1512 409 1564 honoris
423 1516 559 1564 certamen
572 1515 601 1564 et
613 1512 715 1579 gloriae,
732 1529 766 1564 ex
779 1528 834 1580 quo
847 1511 1003 1564 inimicitias
1022 1511 1112 1564 maxi·
1197 1550 1198 1575 ,

132 1605 191 1641 mas
204 1607 276 1657 saepe
289 1590 361 1642 inter
381 1591 555 1644 amicissimos
576 1590 719 1643 exstitisse.
765 1593 810 1644 35.
835 1590 937 1658 Magna
961 1590 1034 1642 enim
1056 1589 1112 1642 dis·

132 1667 211 1734 sidia,
227 1673 256 1720 et
269 1669 429 1736 plenamque
440 1669 517 1736 justa
530 1669 611 1734 nasci,
629 1687 715 1736 quum
732 1669 838 1738 aliquid
857 1669 891 1722 ab
911 1668 1011 1736 amicis,
1034 1670 1112 1736 quod

131 1750 238 1798 rectum
251 1763 307 1799 non
320 1751 400 1814 esset,
415 1748 618 1814 postularetur:
639 1753 673 1800 ut
696 1752 746 1801 aut
766 1747 888 1800 libidinis
910 1747 1037 1813 ministri,
1060 1752 1111 1799 aut

133 1824 273 1892 adjutores
296 1830 386 1878 assent
399 1826 435 1878 ad
447 1826 583 1894 injuriam
628 1826 709 1890 Quod
728 1827 776 1895 qui
798 1830 962 1892 recusarent,
984 1826 1112 1893 quamvis

131 1903 245 1956 honeste
258 1904 287 1956 id
300 1905 430 1972 facerent,
442 1905 489 1972 jus
502 1909 595 1957 tamen
609 1905 736 1958 amicitiae
749 1906 870 1958 deserere
883 1908 1061 1972 arguerentur
1074 1905 1111 1956 ab

132 1983 174 2048 iis,
192 1983 292 2050 quibus
306 1983 419 2051 obsequi
432 1983 557 2038 nollent:
578 1984 639 2036 illos
653 1988 754 2051 autem,
770 1984 818 2052 qui
838 1983 946 2052 quidvis
967 1983 1002 2034 ab
1021 1981 1111 2035 amico
1198 2051 1199 2056 Ἰ

133 2061 267 2114 auderent
279 2062 427 2130 postula-re,
442 2063 627 2130 postulatione
640 2063 699 2131 ipsa
718 2063 848 2131 profiteri,
864 2062 957 2115 omnia
979 2077 1008 2113 se
1029 2062 1109 2114 amici

132 2157 212 2192 causa
238 2157 295 2193 esse
322 2142 447 2194 facturos.
502 2141 605 2195 Eorum
627 2143 736 2210 querela
757 2143 920 2194 inveteratas
949 2157 1006 2192 non
1025 2141 1108 2192 modo

132 2218 330 2271 familiaritates
343 2220 482 2287 exstingui
495 2221 590 2287 solere,
606 2221 654 2272 sed
667 2221 730 2274 odia
743 2221 826 2273 etiam
839 2220 913 2287 gigni
933 2219 1105 2286 sempiterna.

132 2297 202 2348 Haec
215 2297 254 2348 ita
266 2298 362 2363 multa,
378 2299 456 2366 quasi
469 2299 527 2350 fata
540 2299 695 2366 impendere
715 2299 841 2352 amicitiis
853 2302 887 2350 ut
900 2297 991 2350 omnia
1004 2298 1108 2350 subter-

130 2376 224 2442 fugere
234 2392 290 2426 101
298 2376 379 2428 11οά0
389 2377 538 2443 sapientiae,
548 2379 596 2428 sed
606 2377 689 2429 etiam
697 2377 833 2430 felicitatis
840 2377 942 2428 diceret
952 2375 1004 2428 sibi
1011 2375 1105 2429 videri.

170 2453 223 2506 XI.
253 2455 298 2508 36.
322 2453 504 2516 Quamobrem
524 2455 554 2506 id
577 2455 695 2522 primum
716 2456 864 2522 videamur,
885 2455 908 2506 si
928 2455 1026 2522 placet,
1042 2471 1109 2522 qua-

131 2537 213 2585 tenus
236 2549 312 2585 amor
327 2532 356 2583 11
380 2533 499 2585 amicitia
518 2534 643 2600 progredi
664 2527 772 2587 debe'at.
812 2534 898 2600 Num,
910 2533 933 2585 si
951 2533 1109 2586 Coriolanus

131 2611 229 2664 habuit
251 2611 360 2677 amicos,
376 2611 445 2663 ferre
469 2616 563 2664 contra
584 2613 700 2679 patriam
723 2629 798 2664 arma
820 2612 861 2664 iili
883 2629 945 2664 oum
966 2611 1109 2664 Coriolano

132 2690 313 2742 debusnmtl
352 2689 429 2741 Num
456 2689 635 2742 Viscellinum
662 2691 751 2757 amici,
773 2708 888 2758 ragnum
921 2694 1105 2758 appetentem,

131 2785 200 2820 num
220 2767 266 2835 Sp.
283 2768 410 2821 Maelium
429 2768 584 2821 debuerunt
601 2769 721 2836 juvaret
770 2767 815 2826 37.
839 2770 881 2822 Ti.
896 2769 1007 2836 quidem
1026 2768 1108 2821 Grac-

132 2848 223 2912 chum,
238 2863 296 2898 rem
317 2845 455 2913 publicam
477 2851 629 2913 vexantem,
653 2865 669 2900 a
691 2847 722 2911 Q.
740 2848 881 2900 Tuberone
904 2847 1108 2915 aequalibusque

131 2926 223 2978 amicis
237 2925 399 2978 derelictum
412 2926 577 2978 videbamus.
622 2926 661 2978 At
675 2926 703 2979 O.
718 2926 839 2979 Blossius
853 2925 1000 2992 Cumanus,
1012 2926 1108 2992 hospes

131 3003 243 3056 familiae
255 3007 363 3070 vestras,
380 3003 508 3070 Scaevola,
524 3021 610 3072 quum
624 3005 659 3057 ad
672 3022 725 3072 me,
742 3005 816 3072 quod
829 3005 940 3056 aderam
953 3003 1059 3056 Laenati
1078 3012 1106 3055 et

131 3081 244 3150 Rupilio
268 3081 430 3134 Consulibus
452 3083 482 3134 in
503 3084 624 3149 consilia,
645 3084 819 3150 deprecatum
839 3083 965 3148 venisset,
982 3083 1060 3146 hanc,
1075 3087 1107 3133 ut

131 3161 184 3213 sibi
207 3160 379 3228 ignoscerem,
405 3177 513 3214 causam
534 3163 671 3228 afferebat,
698 3161 772 3228 quod
795 3162 868 3213 tanti
891 3161 934 3214 Ti.
957 3159 1107 3212 Gracchum

132 3240 249 3305 fecisset,
265 3243 307 3306 ut,
324 3239 459 3307 quidquid
472 3241 518 3292 ille
532 3241 625 3307 vellet,
641 3241 693 3292 sibi
706 3239 863 3292 faciendum
876 3243 994 3306 putaret.
1038 3237 1106 3290 Tum

133 3335 191 3385 ego,
204 3318 338 3384 1111011110,
355 3320 414 3370 sita
426 3319 458 3370 iac
470 3319 633 3386 Capitolium
643 3319 717 3384 sacas
729 3319 802 3384 serra
815 3318 908 3372 vallet?
947 3318 1104 3384 Nunquam,

132 3395 233 3464 inquit,
245 3397 365 3450 1101111101
378 3396 408 3448 ul
421 3397 546 3464 quidam
561 3397 614 3463 secl,
626 3398 650 3448 sa'
662 3397 791 3463 1011111111,
800 3398 958 3464 paruissem.
988 3394 1104 3465 Videtis,

133 3475 216 3546 duram
229 3475 332 3528 nefaria
344 3492 406 3529 vox.
450 3475 487 3527 Et
499 3476 608 3527 hercule
629 3477 669 3527 ita
686 3475 760 3542 fecit,
775 3475 820 3527 vel
839 3475 902 3542 plus
919 3475 1010 3540 etiam,
1026 3490 1107 3540 quam

133 3553 211 3605 dixit.
243 3553 272 3606 N
273 3570 309 3605 on
323 3554 396 3606 enim
408 3553 499 3622 paruit
511 3554 557 3605 ille
571 3554 610 3606 ri,
623 3554 738 3606 Gracchi
750 3553 907 3619 temeritati,
918 3553 965 3604 sed
978 3552 1105 3619 praefuit:

155 3649 184 3684 sc
197 3649 226 3683 se
239 3633 366 3684 comitem
379 3633 453 3684 illius
472 3633 581 3698 furoris,
598 3633 645 3684 sed
658 3633 755 3684 ducem
768 3631 893 3698 praebuit.
937 3631 1036 3696 Itaque
1058 3630 1106 3682 hac

167 3711 261 3775 101111,
288 3711 439 3778 quaestione
462 3725 534 3810 nepa
557 3709 726 3777 perterritus,
748 3710 778 3760 in
801 3708 895 3761 Asiam
918 3707 1049 3776 profugit,
1072 3708 1105 3760 ad

510 3811 531 3887 t

529 3892 581 4138 l
