2456 4162
162 247 201 302 96
475 258 510 299 rr.
531 259 640 300 runmr
660 260 828 304 oronnosrs

162 401 283 467 iuquam,
300 399 352 451 tibi
372 415 438 464 mos,
456 399 585 466 quoniam
605 417 649 452 me
669 417 725 453 non
744 402 847 470 ingenii
860 402 1067 470 praedicatorem
1089 420 1149 456 esse

163 478 204 530 vis
218 478 266 530 sed
278 478 378 530 laboris
398 478 459 531 mei.
502 478 607 530 Verum
626 479 807 548 interponam,
823 485 856 533 ut
879 481 976 549 placet,
993 482 1060 534 alios
1082 487 1111 534 et
1133 499 1150 533 a
1219 521 1220 524 ,

164 557 203 610 M.
222 557 326 622 Crasso,
342 557 391 624 qui
403 557 458 609 fuit
471 557 584 624 aequalis
598 557 748 625 Hortensii,
764 560 894 613 exordiar.
1219 589 1220 612 3

204 635 307 689 LXVI.
345 636 374 687 Is
387 637 471 704 igitur
483 637 655 688 mediocriter
667 655 684 689 a
693 637 817 690 doctrina
829 638 989 705 instructus,
1002 639 1150 708 angrutius

163 716 246 767 etiam
267 733 284 768 a
307 719 413 779 natura,
440 715 531 766 labore
555 719 584 766 et
605 715 748 783 industria,
778 722 806 769 et
833 718 908 785 quod
934 718 1084 771 adhibebat
1111 717 1148 770 ad

164 795 326 846 obtinendas
353 810 447 846 causas
473 810 565 846 curam
596 793 680 846 etiam
706 800 734 847 et
761 796 887 864 gratiam,
915 797 945 849 in
978 797 1149 864 principibus

164 873 285 940 patronis
308 873 414 939 aliquot
426 888 512 924 annos
525 873 586 926 suit
630 873 665 924 In
685 871 768 947 hujus
787 875 908 927 oratione
929 893 1017 928 sermo
1030 875 1149 928 latinus

164 957 231 1016 erat,
247 952 329 1003 verba
350 968 406 1003 non
430 950 546 1018 abjecta,
568 968 610 1003 res
632 953 788 1020 compositae
807 953 961 1021 diligenter,
983 955 1077 1006 nullus
1097 955 1149 1006 flos

164 1036 256 1082 tamen
270 1047 360 1097 neque
372 1030 466 1082 lumen
479 1029 577 1096 ullum,
592 1030 677 1083 animi
689 1049 796 1099 magua,
812 1033 886 1085 vocis
899 1049 982 1100 parva
995 1033 1146 1098 contentio,

165 1109 332 1161 omniafere
353 1113 386 1160 ut
409 1108 542 1174 similiter,
568 1112 651 1176 atque
677 1127 734 1162 uno
757 1111 839 1164 modo
865 1111 1028 1164 dicerentur.
1072 1111 1149 1164 Nam

165 1188 248 1256 hujus
271 1187 384 1254 aequalis
407 1191 436 1239 et
456 1187 582 1240 inimicus
603 1188 631 1240 0.
649 1188 770 1241 Fimbria
790 1207 846 1242 non
867 1190 908 1242 ita
927 1189 976 1242 diu
994 1190 1099 1256 jactare
1120 1207 1149 1241 se

165 1268 256 1334 potuit
270 1286 277 1330 ;
297 1266 346 1334 qui
365 1266 457 1318 omnia
469 1283 567 1334 magna
580 1283 646 1319 voce
659 1267 761 1334 dicens,
776 1269 922 1321 verborum
935 1285 999 1320 sane
1012 1268 1149 1320 bonorum

166 1363 246 1397 rursu
260 1345 378 1414 quodam
391 1344 505 1397 incitato
518 1345 558 1397 ita
570 1345 679 1398 furebat
698 1350 800 1414 tamen,
816 1351 849 1400 ut
869 1348 994 1400 mirarere
1008 1351 1067 1399 tam
1080 1346 1149 1399 alias

165 1441 208 1476 res
220 1441 299 1492 agere
318 1424 459 1492 populum,
475 1428 508 1476 ut
531 1428 602 1476 esset
614 1423 712 1478 insano
724 1425 797 1478 inter
816 1426 932 1478 disertos
952 1426 1033 1479 locus.
1080 1428 1146 1480 234.

167 1502 214 1556 On.
232 1507 325 1556 autem
338 1503 471 1556 Lentulus
491 1497 580 1554 multo
593 1503 724 1572 majorem
744 1505 899 1572 opinionem
919 1504 1028 1556 dioendi
1041 1505 1149 1556 actione

166 1583 291 1649 faciebat,
307 1599 389 1650 quam
406 1585 509 1648 quanta
527 1581 557 1632 in
577 1598 611 1634 eo
623 1581 740 1634 facultas
763 1587 840 1647 erat;
861 1583 910 1651 qui
923 1600 986 1635 cum
1005 1587 1077 1635 esset
1096 1599 1149 1636 nec

139 1715 144 1722 ,
166 1666 320 1728 peracutus,
344 1676 502 1727 quanquam
524 1670 551 1712 et
572 1677 606 1711 ex
626 1660 694 1712 faeie
714 1665 743 1712 et
763 1679 798 1714 ex
817 1663 898 1714 vultu
921 1661 1075 1728 videbatur,
1097 1679 1149 1714 nec
1219 1713 1220 1724 ,

167 1739 309 1792 abundans
332 1738 431 1804 verbis,
447 1738 499 1790 etsi
512 1738 625 1790 fallebat
646 1739 676 1791 in
696 1756 728 1791 eo
748 1741 815 1807 ipso,
832 1741 870 1794 sic
883 1741 1043 1806 intervallis,
1060 1741 1149 1792 excla-

167 1818 341 1894 mationibus,
358 1833 422 1868 voce
442 1817 520 1868 suavi
540 1821 567 1868 et
582 1833 689 1883 canora,
707 1818 868 1872 admirando
887 1819 1025 1884 irridebat,
1042 1819 1149 1872 calebat

167 1897 196 1949 in
216 1896 330 1964 agendo,
345 1900 378 1948 ut
394 1911 433 1960 ea,
450 1911 513 1962 quae
527 1895 648 1962 deerant,
671 1913 727 1950 non
743 1897 967 1951 desiderarentur.
1013 1899 1078 1951 235.
1103 1896 1151 1950 Ita

167 1980 299 2042 tanquam
323 1974 414 2040 Curio,
443 1973 520 2040 copia
547 1975 680 2028 nonnulla
702 1976 857 2042 verborum,
883 1977 960 2029 nullo
987 1977 1040 2028 alio
1064 1976 1147 2043 bono,
1219 1979 1220 1994 ¹

167 2054 258 2106 tenuit
271 2057 410 2106 oratorum
423 2052 522 2118 locum,
535 2053 573 2105 sic
583 2053 717 2106 lentulus
731 2059 881 2108 ceterarum
891 2055 1027 2107 virtutum
1040 2055 1151 2108 dicendi
1219 2073 1220 2100 1

145 2151 152 2176 ν
167 2133 382 2186 mediocritatem
396 2131 502 2184 actione
517 2132 672 2198 occultavit,
688 2134 718 2185 iu
732 2151 786 2201 qna
800 2134 934 2186 excellens
943 2134 1004 2186 fuit.
1049 2133 1151 2201 Neque

167 2214 255 2265 multo
279 2229 356 2264 secus
377 2212 409 2264 P.
433 2209 587 2274 Lentulus;
616 2211 695 2278 cujus
718 2217 747 2264 et
770 2211 945 2279 excogitandi
967 2215 996 2264 et
1018 2212 1152 2279 loquendi

168 2292 327 2344 tarditatem
349 2289 461 2360 tegebat
482 2289 578 2340 formae
600 2289 727 2357 dignitas,
750 2291 868 2358 corporis
891 2295 982 2343 motus
1003 2291 1102 2358 plenus
1123 2297 1151 2343 et
1219 2309 1220 2316 ¹

168 2371 234 2422 artis
247 2375 275 2422 et
289 2367 452 2432 venustatis,
467 2367 541 2418 vocis
555 2371 583 2418 et
604 2369 723 2421 suavitas
737 2372 765 2422 st
785 2363 954 2437 magnitudo.
999 2369 1044 2422 Sic
1055 2369 1085 2422 in
1098 2369 1152 2422 hoc

168 2449 237 2501 nihil
263 2452 363 2516 praeter
396 2445 532 2498 actionem
559 2445 622 2512 fuit,
651 2452 740 2500 cetera
767 2449 851 2500 etiam
877 2448 983 2500 minora
1010 2464 1094 2516 quam
1121 2449 1152 2501 in

168 2544 310 2594 superiore.

209 2605 327 2658 LXVII.
374 2606 438 2658 236.
463 2607 501 2661 Μ.
520 2609 593 2674 Piso,
610 2605 746 2676 quidquid
766 2606 873 2672 habuit,
895 2605 991 2658 habuit
1013 2623 1048 2658 ex
1071 2605 1152 2658 disci-

169 2685 251 2753 plina,
282 2683 453 2750 rnaximeque
490 2703 525 2739 ex
552 2687 686 2752 omnibus,
717 2684 766 2752 qui
798 2689 863 2737 ante
890 2685 1012 2750 fuerunt,
1048 2683 1155 2736 Grrecis

169 2763 299 2816 doctrinis
312 2762 437 2816 eruditus
449 2766 511 2818 fuit.
557 2766 664 2818 Habuit
683 2781 700 2816 a
713 2767 813 2815 natura
831 2779 917 2830 genus
937 2762 1076 2831 quoddam
1089 2758 1151 2815 'acu-

166 2843 259 2907 minis,
276 2841 447 2910 quodetiam
460 2849 519 2897 arte
539 2845 690 2910 limaverat,
707 2841 782 2909 quod
802 2841 902 2893 eratin
922 2841 1152 2909 reprehendendis

170 2921 259 2972 verbis
288 2923 429 2972 versutum
449 2928 478 2975 et
505 2923 607 2988 sollers,
629 2921 677 2974 sed
701 2937 772 2988 saepe
793 2920 1002 2986 stomachorum,
1024 2935 1150 2972 nonnun-

170 3015 253 3066 quam
266 2996 405 3066 fn'gidum,
421 2999 561 3053 interdum
574 3001 657 3053 etiam
669 3001 796 3052 facetum.
841 2999 871 3050 Is
883 2997 1002 3050 laborem
1015 2999 1152 3050 forensem

171 3077 275 3128 diutius
296 3093 353 3128 non
375 3077 451 3145 tulit,
472 3079 547 3146 quod
569 3083 598 3132 et
622 3095 730 3146 corpore
750 3081 809 3130 erat
828 3076 937 3128 infirmo
958 3080 986 3128 et
1007 3075 1153 3129 hominum

170 3156 287 3222 ineptias
307 3172 338 3207 ac
358 3157 499 3224 stultitias,
515 3175 578 3225 quae
591 3156 754 3210 devorandae
776 3155 855 3208 nobis
875 3158 949 3220 sunt,
964 3171 1020 3206 non
1034 3154 1152 3221 ferebat,
1219 3189 1220 3202 .

171 3232 381 3300 iracundiasque
390 3237 543 3304 respuebat,
556 3237 612 3289 sive
622 3253 736 3301 morose,
746 3237 779 3286 ut
792 3234 948 3302 putabatur,
962 3233 1018 3284 eive
1031 3232 1153 3300 ingenuo

171 3313 311 3380 liberoque
334 3312 453 3368 fastidio.
496 3316 525 3367 Is
547 3333 609 3368 cum
632 3315 698 3367 satis
720 3314 855 3366 flonrisset
875 3311 1040 3376 adolescens,
1062 3311 1154 3364 minor

172 3392 265 3444 haberi
279 3395 321 3443 est
334 3395 439 3458 coeptus
452 3398 565 3461 postea;
585 3393 684 3446 deinde
698 3410 732 3445 ex
745 3391 882 3458 virginum
898 3389 1003 3458 judicio
1023 3407 1153 3457 magnam

172 3470 283 3522 laudem
306 3475 348 3522 est
369 3471 493 3539 adeptus,
518 3477 546 3524 et
573 3490 608 3524 ex
630 3489 662 3524 eo
688 3476 819 3538 tempore,
848 3469 927 3537 quasi
952 3471 1096 3520 revocatus
1123 3469 1151 3522 in

173 3565 291 3613 cursum,
314 3549 405 3601 tenuit
427 3551 518 3604 locum
540 3555 599 3603 tam
619 3551 677 3616 diu,
701 3567 783 3616 quam
803 3549 873 3600 ferre
896 3547 989 3616 potuit
1008 3546 1154 3611 laborem

173 3631 268 3694 postea
288 3631 422 3694 quantum
443 3629 562 3682 detraxit
582 3647 616 3683 ex
639 3629 738 3694 studio,
761 3631 872 3680 tantum
892 3625 983 3680 amisit
1000 3643 1036 3679 ex
1055 3627 1149 3696 gloria

184 3707 241 3760 237.
265 3705 295 3756 P.
319 3705 437 3760 Murena
462 3708 591 3760 mediocri
612 3707 731 3781 ingenio,
756 3707 804 3758 sed
827 3722 925 3774 magno
949 3705 1041 3758 studio
1061 3722 1153 3760 rerum
