2436 4164
521 313 650 356 namus.
1034 291 1073 352 33

93 447 246 502 bonitatem
260 449 408 517 perspicere
421 449 590 503 videantur?
629 449 792 518 Quanquam
805 450 980 502 confirmatur
1000 467 1075 502 amor

93 531 123 580 et
135 529 267 580 beneficio
280 533 398 596 accepte,
425 533 454 581 et
472 529 564 582 studio
585 534 735 597 perspecte,
759 533 788 581 et
811 529 1008 582 consuetudine
1028 529 1075 581 ad·

90 607 191 674 juncta
204 627 210 661 :
225 607 324 675 quibus
337 608 418 660 rebus
432 608 472 660 ad·
481 608 560 660 illum
573 609 692 675 primum
705 611 812 660 motum
831 608 916 660 animi
934 612 962 660 et
976 608 1075 659 amoris

92 687 234 752 adhibitis,
259 687 426 738 admirabilis
444 688 569 754 quaedam
583 688 733 740 exardescit
754 687 954 740 benevolentiae
972 688 1074 754 magni·

92 766 164 819 tudo
179 784 185 819 :
207 767 327 837 quamsi
340 767 388 834 qui
401 771 503 835 putant
516 767 551 818 ab
564 766 750 820 imbecillitate
763 766 902 834 proficisci,
918 770 951 818 ut
971 765 1007 817 sit
1027 783 1075 832 per

92 862 177 911 quem
191 849 360 911 assequatur,
376 846 450 912 quod
464 845 579 913 quisque
592 845 746 910 desideret;
765 845 897 898 humilem
910 862 974 898 sane
994 845 1074 896 relin-

92 929 196 991 quunt,
219 929 247 976 et
267 925 380 976 minime
401 941 571 992 generosum,
593 929 626 976 ut
646 924 686 977 ita
704 925 802 992 dicam,
824 929 916 976 ortum
937 924 1073 990 amicitiae,

93 1020 179 1070 quam
193 1020 228 1055 ex
240 1003 429 1070 inopiaatqne
449 1003 601 1070 indigentia
622 1008 716 1055 natam
739 1004 844 1056 volunt.
889 1002 969 1066 Quod
993 1002 1016 1054 si
1036 1003 1076 1055 ita

92 1086 173 1148 esset,
191 1083 353 1150 utquisque
371 1082 516 1134 minimum
528 1083 558 1134 in
572 1099 600 1134 se
620 1100 677 1134 esse
691 1083 877 1148 arbitraretur,
900 1082 940 1134 ita
953 1081 989 1133 ad
1009 1083 1075 1134 ami-

92 1161 188 1213 citiam
202 1165 272 1214 esset
286 1161 462 1228 aptissimus:
487 1161 561 1228 quod
574 1162 654 1228 longe
678 1179 754 1214 secus
777 1166 826 1214 est.
871 1163 916 1214 30.
941 1161 981 1212 Ut
1002 1162 1075 1212 enim

92 1241 211 1307 quisque
225 1241 277 1292 sibi
290 1240 439 1307 plurimum
452 1240 575 1307 confidit,
598 1245 626 1292 et
639 1245 672 1292 ut
693 1241 809 1308 quisque
830 1241 948 1292 maxime
971 1240 1075 1292 virtute

92 1323 122 1370 et
137 1309 270 1386 sapientia
283 1320 322 1371 sic
334 1319 458 1371 munitus
472 1323 521 1385 est,
538 1323 571 1372 nt
585 1320 662 1372 nullo
675 1323 760 1386 egeat,
775 1337 877 1386 suaque
891 1319 983 1371 omnia
995 1319 1025 1370 in
1046 1336 1075 1370 se

92 1399 155 1465 ipso
181 1398 270 1465 posita
293 1397 408 1466 judicet,
437 1399 478 1450 ita
503 1399 533 1450 in
561 1399 687 1450 amicitiis
714 1399 874 1466 expetendis
901 1398 1075 1464 colendisque

92 1477 214 1529 maxime
247 1477 363 1530 excellit.
422 1477 495 1540 Quid
522 1477 617 1530 enimi
669 1477 815 1530 Africanus
841 1476 967 1544 indigens
1000 1476 1075 1528 meil

93 1555 213 1608 Minime
227 1556 316 1608 hercle
329 1575 334 1609 :
347 1573 379 1608 ac
392 1573 427 1607 ne
441 1573 490 1624 ege
511 1556 622 1624 quidem
642 1557 715 1608 illius
730 1574 736 1610 :
757 1556 805 1608 sed
825 1573 875 1622 ege
895 1555 1075 1608 admiratione

94 1635 216 1702 quadam
230 1635 340 1687 virtutis
354 1635 423 1703 ejus,
448 1635 494 1686 ille
508 1635 626 1688 vicissim
647 1635 774 1703 opinione
795 1635 909 1688 fortasse
930 1634 1073 1701 nonnulla,

94 1731 180 1780 quam
194 1713 228 1766 de
242 1715 309 1766 meis
316 1714 437 1766 moribus
447 1714 574 1780 habebat,
588 1731 632 1766 me
642 1715 754 1777 dilexit3
767 1715 847 1766 auxit
856 1713 1075 1766 benevolentiam

94 1793 277 1846 consuetude.
318 1793 371 1846 Sed
385 1810 543 1860 quanquam
557 1793 692 1846 utilitates
705 1793 801 1847 multae
816 1797 843 1845 et
857 1810 962 1860 magnae
981 1809 1074 1845 cense-

95 1875 168 1922 cutae
182 1875 256 1936 sunt,
272 1889 329 1924 non
343 1876 408 1924 sunt
422 1876 514 1924 tamen
527 1872 562 1924 ab
576 1889 668 1924 aarum
689 1889 736 1940 spe
756 1889 844 1924 causae
864 1871 995 1939 diligendi
1014 1889 1075 1938 pro·

95 1951 183 2004 fectae.
243 1953 287 2004 31.
323 1949 363 2002 Ut
390 1950 462 2002 enim
489 1951 604 2004 benefici
630 1951 807 2018 liberalesque
834 1968 937 2018 sumus,
954 1967 1022 2002 non
1042 1956 1075 2002 ut

95 2029 237 2097 exigamus
245 2029 370 2096 gratiam,
383 2031 483 2097 (neque
491 2030 565 2082 enim
573 2030 735 2082 beneficium
745 2030 909 2098 feneramur)
919 2030 966 2082 sed
976 2034 1076 2082 natura

95 2109 224 2176 propensi
237 2109 272 2160 ad
280 2108 472 2161 liberalitatem
483 2126 577 2160 sumus
592 2128 598 2162 :
613 2108 651 2161 sic
664 2106 812 2160 amicitiam
822 2125 875 2160 non
888 2125 935 2175 spe
945 2109 1076 2160 mercedis

94 2187 219 2254 adducti,
235 2187 283 2240 sed
297 2187 371 2254 quod
385 2187 474 2239 omnis
486 2188 546 2256 ejus
559 2188 666 2240 fructus
679 2187 709 2238 in
722 2187 781 2254 ipso
794 2204 885 2239 amore
898 2188 979 2253 inest,
995 2205 1075 2254 expe-

95 2266 210 2318 tendam
218 2270 354 2334 putamus.
401 2268 445 2319 32.
467 2267 513 2318 Ab
525 2267 577 2333 his,
593 2267 642 2334 qni
649 2266 784 2334 pecudum
792 2266 848 2318 ritu
858 2267 894 2318 ad
905 2266 1076 2333 voluptatem

96 2345 190 2397 omnia
210 2346 342 2412 referunt,
366 2345 446 2412 lenge
469 2345 655 2410 dissentiunt;
679 2362 729 2397 nec
752 2345 859 2400 mirum.
903 2345 982 2396 Nihil
1002 2346 1076 2398 enim

95 2424 194 2490 altum,
210 2424 280 2475 nihil
293 2423 467 2491 magnificum
480 2441 511 2476 ac
521 2423 646 2476 divinum
660 2424 793 2492 suspicere
807 2429 928 2492 possunt,
946 2424 994 2492 qui
1014 2443 1076 2477 suas

95 2519 191 2555 omnes
217 2502 395 2570 cogitationes
415 2502 573 2570 abjeeenmt
593 2503 623 2554 in
644 2520 702 2554 rem
724 2507 782 2556 tam
803 2503 935 2555 humilem
964 2507 1076 2571 tamque

96 2584 291 2648 contemptam.
335 2580 517 2643 Quamobrem
530 2581 579 2632 hos
592 2581 703 2648 quidem
717 2582 751 2634 ab
764 2582 816 2634 hec
824 2599 946 2634 sermone
956 2599 1075 2634 remove·

96 2677 176 2711 amus
188 2679 194 2714 :
208 2661 261 2727 ipsi
273 2663 366 2712 autem
379 2660 573 2727 intelligamus,
599 2664 697 2714 natura
714 2661 789 2727 gigni
812 2677 921 2713 sensum
945 2661 1077 2728 diligendi

95 2743 125 2790 et
139 2739 337 2791 benevolentiae
351 2739 501 2805 caritatem,
516 2739 590 2791 facta
603 2739 797 2806 significatione
811 2738 972 2806 probitatis:
994 2757 1077 2806 quam

96 2817 147 2884 qui
161 2817 363 2884 appetiverunt,
379 2817 516 2884 applicant
529 2835 557 2869 se
572 2822 600 2870 et
613 2818 723 2884 propius
746 2817 903 2883 admovent,
922 2821 954 2869 ut
976 2821 1004 2870 et
1024 2835 1077 2870 usu

96 2895 167 2962 ejus,
191 2911 273 2962 quem
293 2896 404 2962 diligere
424 2896 565 2963 coeperint,
587 2897 723 2962 fruantur,
744 2900 772 2947 et
794 2895 915 2948 moribus
926 2915 933 2960 ;
956 2885 1076 2965 suntque

95 2991 176 3042 pares
189 2973 218 3025 in
232 2991 331 3040 amore,
345 2978 373 3026 et
383 2975 517 3041 aequalem
531 2975 771 3042 propensioresque
781 2975 816 3026 ad
824 2975 893 3026 bene
904 2976 1074 3042 merendum,

96 3069 182 3120 quam
196 3053 231 3104 nd
244 3052 441 3120 reposcendum
455 3072 462 3116 ;
476 3057 559 3120 atquo
572 3053 631 3106 haec
644 3054 717 3105 inter
730 3071 775 3105 eos
785 3054 817 3105 fit
830 3054 945 3106 honesta
952 3055 1073 3107 certatio.

97 3131 143 3184 Sic
165 3135 194 3183 et
213 3131 348 3184 utilitates
368 3148 403 3183 ex
425 3132 544 3184 amicitia
566 3132 693 3183 maximae
714 3132 876 3199 capientur;
899 3137 928 3184 et
946 3133 998 3184 erit
1018 3133 1077 3199 ejus

96 3215 175 3262 ortus
188 3228 205 3262 a
217 3215 325 3278 natura,
341 3226 424 3277 quam
438 3210 472 3262 ab
486 3211 680 3277 imbecillitate,
702 3210 810 3277 gra-rior
822 3214 850 3262 et
863 3211 958 3262 verior.
1002 3210 1032 3261 N
1033 3228 1077 3262 am

97 3289 204 3341 utilitas
218 3288 241 3340 si
254 3289 387 3342 amicitias
401 3289 610 3355 conglutinaret,
623 3289 718 3341 eadem
726 3291 897 3341 commutata
903 3288 1077 3350 dissolveret;
1157 3353 1159 3358 Ι

98 3367 146 3419 sed
161 3367 226 3434 quia
238 3372 338 3420 natura
350 3368 452 3418 mutari
464 3384 520 3420 non
537 3365 637 3436 potest,
659 3368 758 3420 idcireo
771 3384 843 3420 verae
863 3367 989 3419 amicitiae
1009 3384 1077 3419 sem·

97 3446 214 3514 piternoe
228 3451 300 3499 sunt.
345 3445 444 3498 Ortum
464 3446 575 3514 quidem
596 3447 722 3499 amicitiae
741 3445 850 3511 videtis,
874 3444 928 3496 nisi
951 3445 1019 3512 quid
1042 3448 1077 3498 ad

97 3521 157 3576 liceo
170 3525 242 3577 forte
255 3525 348 3578 vultis.
391 3525 483 3577 Farris.
507 3525 548 3576 Tu
562 3542 626 3577 vero
639 3541 729 3592 perge,
745 3523 819 3576 Laeli.
863 3523 918 3574 Pro
932 3524 983 3576 hec
993 3525 1075 3591 enim,

98 3603 147 3671 qui
160 3603 250 3656 minor
263 3608 305 3656 est
317 3608 395 3670 natu,
410 3619 472 3656 meo
482 3603 545 3671 jure
559 3603 716 3672 respondeo.
763 3604 808 3656 33.
833 3601 921 3654 Sem.
947 3603 1031 3655 Recte
1045 3607 1078 3656 tu

98 3681 218 3749 quidem.
262 3681 445 3745 Quamobrem
458 3683 606 3735 audiamus.

137 3759 174 3814 X.
220 3761 294 3814 Lan.
319 3761 421 3814 Audite
432 3777 504 3830 ergo,
521 3760 618 3831 optimi
632 3759 690 3828 viri,
712 3777 821 3829 eaquae
841 3759 987 3828 saepissime
1006 3760 1082 3814 inter·
