2436 4164
155 268 193 326 62
469 281 504 322 n.
526 281 636 322 rursu
657 277 825 322 cressonis

195 424 240 476 62.
278 421 315 474 Et
335 421 458 474 hercules
482 420 526 473 hae
548 421 661 489 quidem
681 423 809 474 emtam:
838 419 905 488 ipsas
932 419 1007 472 enim
1027 419 1138 472 familiae

154 519 204 554 sua
217 501 295 570 quasi
308 505 468 554 ornamenta
481 517 513 552 ac
525 505 705 554 monumenta
726 501 871 552 servabant
895 503 923 551 et
944 499 979 552 ad
1002 516 1093 566 usum,
1116 501 1139 552 si

154 581 216 650 quis
249 581 373 649 ejusdem
406 579 512 647 generis
539 579 691 645 occidisset,
720 584 749 632 et
775 579 811 632 ad
838 579 997 632 memoriam
1024 579 1138 632 landum

154 661 365 713 domesticarum
378 662 407 712 et
419 659 455 711 ad
468 658 660 710 illustrandam
671 659 844 712 nobilitatem
854 675 940 712 suam.
973 658 1137 726 Quanquam

153 740 197 792 his
210 738 414 792 laudationibus
427 737 541 790 historia
553 755 646 790 rerum
659 743 814 792 nostrarum
828 742 871 790 est
883 738 957 790 facta
971 739 1132 792 mendosior.

153 819 246 872 Multa
259 819 332 872 enirn
346 817 447 884 scripta
459 820 525 868 sunt
538 816 568 868 in
581 817 620 868 eis
634 834 696 885 quae
710 818 783 871 facta
796 834 853 870 non
866 821 941 882 sunt,
957 817 1021 869 falsi
1041 817 1136 870 trium-

152 899 209 966 phi,
224 899 317 966 plures
330 896 497 962 consulatus,
512 913 611 963 genera
631 897 715 949 etiam
735 897 805 950 falsa
817 901 846 949 et
860 896 895 949 ad
909 896 1017 964 plebem
1040 898 1137 949 transi-

152 978 251 1044 tiones,
267 993 329 1029 cum
351 975 475 1028 homines
496 975 654 1028 humiliores
677 976 706 1028 in
730 977 852 1028 alienum
873 975 997 1044 ejusdem
1018 977 1136 1029 nominis

151 1056 362 1108 infunderentur
375 1071 461 1123 genus
475 1073 482 1118 ;
496 1059 529 1107 ut
542 1054 566 1106 si
579 1071 629 1122 ego
642 1071 686 1107 me
706 1073 723 1107 a
743 1055 792 1109 Μ’.
818 1055 908 1108 Tullio
929 1072 986 1107 esse
1007 1055 1133 1123 dicerem,

153 1136 201 1202 qui
214 1135 344 1203 patricius
358 1151 421 1188 cum
443 1133 537 1186 Servio
561 1133 680 1200 Sulpicio
705 1135 799 1188 consul
820 1151 893 1188 anno
906 1151 926 1186 x
939 1138 1001 1202 post
1026 1140 1136 1188 exactos

118 1217 120 1224 “
151 1231 227 1282 reges
253 1214 314 1267 fuit.
361 1215 405 1268 63.
430 1213 542 1266 Catonis
565 1217 658 1265 autem
682 1214 818 1267 orationes
839 1231 895 1266 non
918 1214 1010 1266 minus
1040 1215 1135 1267 multae

151 1293 208 1346 fere
222 1297 287 1346 sunt
301 1310 384 1360 quam
398 1293 486 1346 Attici
499 1291 598 1360 Lysiae,
615 1292 694 1360 cujus
707 1293 824 1346 arbitror
843 1293 975 1362 plurimas
995 1300 1135 1346 esse—est

152 1373 225 1425 enim
240 1373 357 1440 Atticus,
375 1372 505 1441 quoniam
519 1375 592 1424 certe
606 1372 723 1424 Athenis
743 1377 785 1425 est
809 1376 837 1426 et
860 1377 943 1426 natus
962 1377 991 1424 et
1009 1377 1135 1426 mortuus

151 1457 180 1504 et
193 1453 307 1504 fundus
320 1452 395 1505 omni
408 1451 510 1504 civium
523 1468 645 1516 munere,
661 1469 819 1520 quanquam
832 1451 949 1504 'limaeus
973 1469 1037 1504 eum
1057 1454 1136 1521 quasi

152 1531 257 1585 licinia
279 1536 308 1584 et
329 1531 424 1584 Mucia
446 1531 505 1598 lege
525 1531 626 1598 repetit
639 1530 837 1598 Syracusas—3
860 1536 889 1584 et
913 1531 1032 1598 quodam
1052 1533 1135 1584 modo

151 1615 194 1663 est
208 1611 341 1664 nonnulla
353 1611 382 1662 in
397 1611 436 1663 eis
456 1610 538 1662 etiam
558 1610 631 1662 inter
653 1611 726 1678 ipsos
750 1611 907 1663 similitudo.
952 1611 1037 1662 Acuti
1056 1618 1132 1678 sunt,

152 1691 298 1758 elegantes,
313 1690 404 1756 faceti,
420 1690 515 1742 breves
528 1709 535 1752 ;
548 1689 596 1740 sed
610 1689 657 1742 ille
671 1689 783 1743 Graecus
796 1690 831 1742 ab
844 1690 919 1744 omni
927 1689 1008 1742 laude
1018 1689 1130 1744 felicior.

153 1772 198 1822 64.
224 1769 318 1822 Habet
342 1769 415 1822 enim
437 1772 524 1820 certos
544 1769 588 1820 sui
607 1768 752 1836 studiosos,
777 1769 826 1836 qui
849 1786 906 1822 non
933 1774 992 1822 tam
1022 1769 1136 1824 habitus

151 1849 270 1916 corporis
283 1849 388 1916 opimos
402 1865 484 1916 quam
497 1847 662 1914 gracilitates
682 1852 881 1916 consectentur,
903 1865 982 1916 quos,
1004 1849 1136 1902 valetudo
1215 1873 1216 1920 q

151 1928 233 1980 modo
259 1927 332 1979 bona
358 1927 404 1994 sit,
433 1927 555 1979 tenuitas
576 1927 634 1994 ipsa
657 1926 974 1996 delectat-quanquam
1001 1929 1031 1980 in
1051 1928 1135 1996 Lysia

151 2023 223 2075 saepe
237 2011 302 2060 sunt
315 2007 399 2059 etiam
412 2006 506 2059 lacerti
519 2005 558 2058 sic
571 2011 603 2058 ut
617 2005 676 2058 fieri
689 2007 758 2060 nihil
771 2007 856 2076 possit
870 2007 1006 2060 valentius
1021 2025 1136 2071 ;verum

151 2091 192 2139 est
206 2091 279 2140 certe
292 2103 390 2155 genere
403 2089 465 2139 toto
485 2086 723 2154 strigosior,—sed
743 2087 827 2140 habet
845 2091 938 2140 tamen
959 2104 1022 2140 suos
1041 2087 1137 2142 auda

150 2171 233 2233 tores,
249 2167 298 2234 qui
311 2167 362 2219 hac
375 2167 435 2235 ipsa
447 2166 507 2234 ejus
521 2166 673 2218 subtilitate
687 2166 836 2220 admodum
848 2166 992 2234 gaudeant.

191 2245 287 2300 XVII.
334 2248 379 2299 65.
404 2245 535 2297 Catonem
562 2261 627 2296 vero
650 2244 712 2314 quis
735 2250 891 2300 nostrorum
914 2251 1063 2312 oratorum,
1086 2247 1138 2315 qui

151 2326 263 2393 quidem
290 2342 365 2378 nunc
389 2329 463 2390 sunt,
486 2324 561 2390 legit,
588 2328 637 2376 aut
664 2324 726 2391 quis
747 2326 825 2378 novit
848 2325 982 2378 omnino?
1002 2329 1031 2378 at
1051 2341 1137 2392 quem

151 2405 240 2457 virum
253 2409 264 2458 !·
280 2405 318 2456 Di
331 2403 396 2456 boni
410 2406 416 2455 i
431 2403 514 2454 mitto
527 2403 614 2454 civem
628 2407 677 2456 aut
690 2408 843 2458 senatorem
863 2408 912 2458 aut
932 2405 1135 2472 imperatorem,

150 2490 286 2536 oratorem
306 2484 380 2536 enim
398 2482 450 2534 hoc
469 2481 530 2534 loeo
552 2482 718 2549 quaerimus:
740 2484 802 2551 quis
824 2484 872 2536 illo
895 2484 1003 2551 gravior
1025 2485 1055 2536 in
1076 2484 1136 2536 lau-

150 2564 265 2616 dandol
291 2562 412 2615 acerbior
438 2561 467 2614 in
494 2561 698 2628 vituperandoi
721 2562 751 2616 in
775 2563 918 2616 sententiis
941 2563 1085 2630 argutior?
1105 2564 1137 2616 in

150 2643 272 2696 docendo
303 2635 530 2708 edisserendoque
557 2641 703 2695 subtiliori
756 2642 877 2696 Refertae
904 2647 970 2695 sunt
998 2643 1137 2696 orationes

150 2723 267 2790 amplius
280 2725 392 2774 centum
405 2719 615 2788 quinquaginta,
632 2738 699 2788 quas
713 2721 825 2790 quidem
837 2722 927 2776 adhuc
940 2722 1092 2774 invenerim
1107 2728 1137 2775 et

149 2802 271 2870 legerim,
287 2806 315 2853 et
329 2800 419 2852 verbis
432 2803 460 2851 et
474 2799 554 2852 rebus
567 2800 727 2854 illustribus.
772 2800 848 2854 Licet
861 2818 897 2854 ex
916 2801 959 2854 his
979 2801 1082 2868 eligant
1103 2819 1138 2854 ea

150 2898 213 2948 quae
226 2881 368 2932 notatione
382 2884 411 2931 et
424 2879 506 2931 laude
520 2880 603 2947 digna
617 2880 691 2934 sint:
713 2897 806 2934 omnes
826 2881 951 2933 oratoriae
965 2880 1083 2933 virtutes
1104 2881 1136 2933 in

150 2960 189 3011 eis
201 2959 378 3026 reperientur.
424 2960 469 3011 66.
493 2959 558 3010 Jam
572 2976 637 3012 vero
650 2960 768 3027 origines
786 2960 846 3028 ejus
866 2977 948 3028 quem
968 2959 1063 3012 florem
1083 2965 1137 3012 aut

151 3038 225 3106 quod
239 3038 332 3088 lumen
346 3037 511 3104 eloquentia
525 3055 582 3089 non
604 3037 730 3092 habenti
768 3039 913 3090 Amatores
936 3038 1000 3089 huic
1020 3039 1134 3105 desunt,

151 3117 231 3170 sicuti
258 3116 354 3168 multis
378 3115 436 3184 jam
462 3120 528 3168 ante
555 3117 640 3168 saeclis
668 3121 696 3170 et
723 3118 841 3170 Philisto
868 3116 1011 3182 Syracusio
1031 3122 1060 3168 et
1080 3117 1138 3184 ipsi

151 3196 312 3265 Thucydidi.
357 3195 386 3248 N
387 3213 430 3246 am
444 3199 477 3247 ut
490 3195 588 3246 horum
601 3196 713 3246 concisis
726 3194 878 3260 sententiis,
893 3193 1033 3245 interdum
1047 3195 1137 3248 etiam

151 3297 207 3331 non
234 3277 300 3329 satis
321 3273 421 3343 apertis
442 3290 506 3325 cum
531 3273 665 3324 brevitate
691 3277 754 3324 tum
779 3273 865 3328 nimio
885 3271 1019 3339 acumine,
1048 3273 1137 3326 officit

152 3359 341 3424 Theopompus
354 3352 471 3407 elatione
485 3357 567 3419 atque
581 3351 728 3404 altitudine
742 3353 873 3407 orationis
886 3368 943 3404 suae
958 3351 1043 3420 (quod
1056 3352 1135 3406 idem

153 3437 242 3504 Lysiae
275 3432 505 3500 Demosthenes):
533 3431 570 3482 sie
597 3429 709 3484 Catonis
734 3432 884 3487 luminibus
911 3432 1049 3484 obstruxit
1072 3432 1136 3484 hrec

152 3515 332 3584 posteriorum
359 3512 436 3581 quasi
463 3514 624 3578 exaggerata
645 3511 727 3564 altius
748 3514 843 3567 oratio.
896 3509 941 3568 67.
975 3511 1029 3564 Sed
1050 3529 1083 3563 ea
1103 3513 1137 3564 in

152 3594 252 3647 nostris
278 3593 387 3646 inscitia
407 3595 456 3658 est,
487 3590 561 3658 quod
582 3591 612 3642 hi
632 3591 693 3659 ipsi,
717 3593 766 3659 qui
787 3593 817 3646 in
839 3592 940 3646 Graecis
966 3591 1137 3658 antiquitate

159 3673 323 3725 *electantur
346 3687 431 3739 eaque
453 3671 615 3736 subtilitate,
641 3688 724 3738 quam
745 3673 868 3726 Atticam
891 3670 1039 3738 appellant,
1062 3670 1139 3723 hanc

209 3751 312 3803 Catone
338 3768 373 3803 ne
396 3755 533 3803 noverunt
558 3750 678 3818 quidem.
728 3752 878 3822 Hyperidae
902 3749 1000 3818 volunt
1023 3766 1082 3802 esse
1106 3755 1139 3804 et
