2436 4164
160 317 197 374 ts
471 331 507 371 rr.
528 328 638 370 runnu
659 327 827 370 crcnaonrs

159 467 279 520 sedanda
292 465 444 533 suspicione
457 471 507 518 aut
517 465 663 518 excitanda
676 465 863 517 incredibilem
873 463 928 518 vim
942 464 1078 520 habebat:
1100 483 1138 519 stc

159 548 188 599 in
210 545 425 612 interpretando,
441 544 471 596 in
494 543 657 610 definiend0,
679 545 709 595 in
732 544 893 611 explicanda
916 544 1046 611 aequitate
1069 545 1136 598 nihil

159 629 217 677 erat
231 623 327 676 Crasso
341 623 474 690 copiosius
487 642 495 686 ;
518 623 601 690 idque
615 640 677 674 cum
691 639 762 689 saepe
775 622 842 674 alias
854 628 916 675 tum
929 623 1002 690 apud
1016 627 1136 676 centum-

158 704 231 755 viros
254 703 284 754 in
308 703 356 755 M'.
373 701 449 754 Curii
469 718 550 753 eausa
570 701 709 767 cognitum
722 705 771 753 est.
817 701 881 754 145.
905 700 951 752 Ita
964 701 1036 752 enim
1051 702 1137 756 multa

158 786 220 833 tum
233 784 328 833 contra
340 781 472 847 scriptum
486 796 535 847 pro
548 797 627 846 aequo
637 780 745 831 ethono
758 779 838 844 dixit,
850 784 883 831 ut
893 779 1031 831 hominem
1041 781 1137 832 acutis-

159 860 259 912 simum
273 858 303 921 Q.
322 859 471 911 Scaevolam
489 862 519 910 et
541 858 570 909 in
588 858 660 925 jure,
676 859 706 909 in
729 874 784 925 quo
805 858 852 909 illa
875 875 956 910 causa
970 859 1135 918 vertebatur,

158 938 359 1006 paratissimum
382 937 508 989 obrueret
529 941 751 1003 argumentorum
771 937 1011 1004 exemplorumque
1040 939 1136 1004 copia;

158 1021 242 1084 atque
255 1015 295 1068 ita
314 1019 375 1067 tum
396 1016 431 1068 ab
449 1015 492 1067 his
507 1016 629 1083 patronis
650 1015 801 1082 aequalibus
822 1019 850 1066 et
869 1015 927 1082 jam
951 1016 1137 1068 consularibus

159 1112 239 1148 eausa
252 1094 300 1146 illa
318 1093 392 1146 dieta
411 1097 461 1159 est,
485 1111 547 1146 oum
570 1097 686 1161 uterque
700 1110 733 1144 ex
748 1094 881 1146 mntraria
894 1098 970 1161 parte
990 1094 1038 1162 jus
1060 1094 1137 1146 civile

159 1173 325 1238 defenderet,
343 1176 376 1224 ιιι
389 1172 577 1240 eloquentium
595 1172 846 1240 jurisperitissimus
866 1172 985 1238 Crassus,
998 1172 1138 1241 jurisperi-

158 1257 251 1304 torum
270 1251 508 1318 eloquentissimus
528 1251 648 1304 Seaevola
667 1254 818 1318 putaretur.
871 1250 925 1313 Qui
945 1251 1057 1318 quidem
1077 1269 1139 1304 oum

159 1334 305 1397 perunitus
325 1334 396 1382 esset
417 1329 452 1382 ad
481 1329 698 1397 excogitandum,
723 1329 790 1397 quid
810 1329 840 1381 in
857 1330 920 1398 jure
940 1337 989 1382 aut
1010 1331 1039 1381 in
1060 1347 1139 1397 aequo

159 1425 255 1461 verum
274 1414 323 1462 aut
343 1413 414 1461 esset
433 1412 483 1461 aut
502 1425 558 1460 non
578 1412 658 1474 esset,
680 1413 741 1460 tum
761 1409 851 1460 verbis
871 1413 929 1460 erat
949 1409 985 1461 ad
1004 1425 1063 1460 rem
1077 1427 1139 1460 cum

159 1504 266 1540 summa
295 1488 428 1540 brevitate
458 1487 618 1540 mirabiliter
645 1491 732 1555 aptus.
788 1489 852 1540 146.
885 1487 975 1550 Quare
1005 1487 1041 1539 sit
1061 1489 1140 1540 nobis

159 1569 252 1619 orator
278 1566 308 1618 in
338 1567 390 1619 hoe
416 1565 625 1633 interpretandi,
647 1566 822 1633 explanandi,
846 1565 1012 1618 edisserendi
1041 1583 1140 1633 genere

159 1645 299 1711 mirabilis,
315 1647 353 1698 sic
372 1649 406 1698 ut
420 1645 508 1698 simile
523 1645 593 1696 nihil
606 1645 720 1697 viderim
735 1664 742 1708 ς
762 1646 791 1696 in
811 1645 946 1712 augendo,
962 1645 991 1696 in
1005 1646 1137 1710 ornando,

160 1724 190 1776 in
216 1724 365 1776 refellendo
384 1725 470 1791 magis
489 1723 659 1776 existimator
678 1724 842 1776 metuendus
862 1741 945 1792 quam
965 1724 1142 1776 admirandus

161 1806 259 1855 orator.
303 1801 408 1854 Verum
421 1802 457 1854 ad
467 1801 593 1854 Crassum
605 1807 780 1856 revertamur.

200 1880 261 1935 XL.
307 1879 371 1938 147.
396 1880 465 1932 Tum
488 1881 601 1946 Brutus,
624 1881 686 1932 Etsi
708 1881 782 1948 satis,
810 1881 910 1948 inquit,
936 1881 1003 1934 mibi
1029 1881 1144 1934 videbar

161 1959 260 2012 habere
274 1959 414 2026 cognitum
428 1959 576 2012 Scaevolam
590 1976 624 2011 ex
637 1959 670 2011 iis
683 1959 773 2026 rebus,
784 1977 852 2028 quas
865 1960 1009 2013 audiebam
1023 1977 1095 2027 saepe
1109 1979 1144 2012 ex

162 2039 191 2092 C.
208 2039 325 2106 Rutilio,
341 2055 396 2107 quo
410 2038 508 2092 utebar
528 2042 639 2106 propter
659 2038 872 2091 familiaritatem
894 2039 1022 2092 Scaevolae
1043 2040 1141 2105 nostri,
1210 2088 1211 2100 ,

161 2123 255 2171 tamen
276 2118 330 2170 ista
350 2117 419 2170 mihi
441 2117 502 2186 ejus
515 2117 624 2170 dicendi
636 2121 715 2170 tanta
728 2117 787 2169 laus
800 2121 866 2170 nota
879 2135 936 2170 non
950 2123 1008 2170 erat
1020 2137 1027 2183 ;
1046 2117 1144 2186 itaque

161 2198 221 2264 cepi
234 2197 412 2264 voluptatem,
429 2201 488 2248 tam
500 2201 628 2249 ornatum
650 2197 754 2262 virum,
774 2201 886 2264 tamque
910 2197 1044 2248 excellens
1067 2197 1142 2264 inge·

162 2275 240 2327 nium
252 2275 337 2328 fuisse
349 2275 379 2326 in
392 2279 486 2327 nostra
498 2291 528 2327 re
540 2275 655 2342 publica
702 2277 766 2328 148.
791 2275 845 2327 Hie
855 2292 914 2342 ego,
925 2275 1001 2342 Noli,
1017 2275 1143 2343 inquam,

164 2354 260 2420 Brute,
276 2353 441 2419 existimare,
456 2353 499 2405 his
512 2353 620 2405 duobus
633 2353 779 2420 quiequam
791 2354 912 2406 fuissein
925 2358 1018 2406 nostra
1031 2354 1147 2406 civitate

161 2431 345 2499 prestantius.
389 2431 463 2483 Nam
475 2435 509 2483 ιιι
532 2432 614 2498 paulo
636 2435 701 2483 ante
722 2431 789 2497 dixi,
815 2433 1002 2484 consultorum
1025 2433 1147 2484 alterum

162 2509 394 2574 dissertissimum‚
406 2509 570 2561 disertorum
583 2510 700 2561 alterum
713 2511 943 2562 consultissimum
953 2511 1046 2577 fuisse,
1063 2512 1103 2562 sic
1116 2513 1147 2562 in

162 2587 274 2655 reliquis
287 2587 369 2639 rebus
381 2587 422 2640 ita
435 2587 579 2640 dissimiles
592 2591 670 2639 erant
683 2588 756 2640 inter
768 2605 834 2656 sese,
857 2593 978 2642 statuere
999 2594 1032 2642 ut
1051 2593 1148 2642 tamen

162 2683 218 2718 non
232 2682 331 2734 posses,
347 2666 436 2718 utrius
448 2669 477 2718 te
490 2666 584 2718 malles
594 2665 756 2721 similiorem.
786 2667 897 2720 Crassus
910 2672 968 2721 erat
978 2668 1150 2735 elegantium

163 2745 343 2812 parcissimus,
381 2743 502 2796 Seaevola
534 2761 678 2812 pareonrm
704 2745 941 2813 elegantissimus;
976 2746 1089 2799 Crassus
1114 2748 1149 2804 in

163 2839 270 2876 summa
282 2823 412 2875 comitate
425 2822 544 2876 habebat
557 2823 641 2875 etiam
654 2823 807 2876 severitatis
821 2825 896 2892 satis,
913 2825 1041 2878 Scaevolae
1055 2825 1150 2877 multa

163 2901 193 2952 in
205 2901 350 2953 severitate
363 2917 420 2952 nou
433 2901 526 2954 deerat
539 2905 632 2954 tamen
646 2901 765 2955 comitas.
811 2905 876 2956 149.
901 2904 977 2956 Licet
988 2905 1080 2956 omnia
1093 2905 1150 2955 hoc

164 2979 264 3042 modo;
284 2979 333 3031 sed
345 2995 449 3046 vereor,
464 2997 500 3032 ne
520 2979 588 3046 fingi
608 2979 755 3032 videantur
775 2981 833 3033 haee
856 2985 895 3052 ut,
913 2982 1041 3034 dicantur
1062 3000 1079 3034 a
1102 3000 1150 3034 me

164 3057 284 3125 quodam
296 3057 379 3109 modo
393 3077 400 3121 ;
419 3074 463 3110 res
476 3063 569 3110 tamen
583 3057 621 3109 sic
635 3075 663 3110 se
677 3058 766 3112 habet.
811 3059 880 3111 Cum
894 3060 982 3112 omnis
995 3059 1084 3112 virtus
1099 3061 1148 3125 sit,

163 3140 197 3189 ut
209 3139 309 3201 restra,
334 3135 430 3202 Brute,
456 3140 538 3188 vetus
555 3136 693 3189 academia
715 3136 797 3203 dixit,
822 3139 1002 3204 mediocritas,
1028 3143 1152 3206 uterque

163 3214 263 3268 horum
286 3213 407 3266 medium
428 3213 561 3281 quiddam
581 3215 691 3268 volebat
714 3217 810 3283 sequi:
831 3217 879 3268 sed
900 3216 940 3269 ita
961 3216 1085 3281 cadebat,
1115 3223 1153 3268 ut

163 3293 234 3346 alter
256 3309 291 3346 ex
312 3293 424 3345 alterins
445 3292 527 3345 laude
549 3297 666 3360 partem,
691 3298 808 3362 uterque
831 3299 925 3347 autem
951 3310 1029 3347 suam
1055 3299 1153 3346 totam

162 3371 283 3426 haberet.
330 3373 394 3425 150.
415 3371 487 3424 Tum
498 3371 611 3438 Brutus,
627 3372 697 3425 Cum
710 3389 745 3424 ex
757 3377 809 3425 tua
819 3373 942 3426 oratione
955 3373 1025 3425 mihi
1037 3373 1150 3438 videor,

163 3450 265 3517 inquit,
280 3451 350 3503 bene
363 3449 490 3503 Crassum
510 3454 539 3503 et
560 3450 708 3504 Scaevolam
722 3451 888 3518 cognovisse,
903 3455 965 3504 tum
978 3451 1013 3504 de
1025 3455 1055 3503 te
1068 3456 1100 3503 et
1115 3451 1154 3503 de

165 3528 221 3582 Ser.
233 3528 353 3596 Sulpicio
361 3529 493 3596 cogitans,
503 3530 704 3596 essequandam
713 3529 860 3584 vobiscum
869 3529 924 3582 illis
937 3529 1154 3583 similitudinem

165 3607 265 3668 iudico.
290 3607 423 3675 Quonam,
438 3608 562 3676 inquam,
578 3607 649 3659 istuc
662 3608 763 3660 modol
783 3607 855 3671 Quia
866 3609 975 3662 mihist
989 3613 1021 3661 tu
1031 3608 1152 3674 videris,

181 3685 266 3751 nquit,
290 3688 401 3738 tantum
417 3687 489 3754 juris
512 3685 600 3737 civilis
623 3685 690 3737 scire
711 3685 828 3738 voluisse
847 3692 982 3755 quantum
995 3687 1061 3740 satis
1075 3692 1155 3739 esset

189 3763 276 3828 ratori,
292 3767 321 3814 et
334 3762 443 3816 Servius
457 3763 622 3830 eloquentiae
635 3765 938 3832 tantum'assumpsisse,
954 3770 987 3818 ιιι
1001 3767 1049 3834 jus
1067 3765 1155 3818 civile
