2456 4162
514 248 647 291 saurus.
1028 233 1067 290 93

88 385 286 438 deferebantur.
329 383 428 437 Orator
448 388 541 436 autem
568 385 637 437 vivis
664 385 724 452 ejus
750 385 901 452 aequalibus
929 384 1069 452 proximus

88 464 196 531 optimis
209 463 405 516 numerabatur
417 468 528 531 propter
541 463 687 526 verbordm
699 461 860 530 bonitatem,
873 468 906 515 ut
919 471 984 516 ante
998 463 1066 529 dixi,

87 548 114 594 et
128 543 285 610 expeditam
297 559 329 595 ac
341 543 522 610 profluentem
533 543 652 610 quodam
662 543 744 594 modo
752 542 924 595 celeritatem.
965 542 1068 611 ‚Itaque

86 622 145 688 ejus
166 621 302 673 orationes
324 621 491 688 aspiciendas
514 625 607 673 tamen
631 638 736 674 censeo.
759 621 849 674 ‘Sunt
875 621 930 673 illae
957 619 1069 688 quidem

86 699 277 767 languidiores,
302 717 397 752 verum
423 704 516 752 tamen
542 703 657 766 possunt
678 717 776 767 augere
799 704 828 751 et
849 699 927 766 quasi
947 699 1018 751 alere
1039 698 1068 751 id

86 779 196 844 bonum,
214 779 289 846 quod
300 778 329 830 in
343 779 391 830 illo
404 778 576 830 mediocriter
588 779 672 830 fuisse
686 778 859 848 concedimus
872 798 879 842 ;
890 778 973 846 *quod
986 777 1069 830 habet

85 861 193 908 tantam
216 858 281 923 vim,
297 861 330 908 ut
351 858 440 910 solum
464 857 522 909 sine
546 857 606 908 aliis
627 857 656 909 in
677 857 794 910 Curione
814 857 931 925 speciem
954 856 1069 909 oratoris

15 957 16 960 ¹
85 936 201 1002 alicujus
215 936 339 989 effecerit.
381 935 433 988 Sed
448 936 483 988 ad
496 936 625 988 instituta
638 936 787 988 redeamus.

125 1014 217 1066 LXII.
262 1015 326 1066 221.
350 1013 385 1066 In
409 1015 504 1066 ecdem
527 1015 612 1082 igitur
633 1031 747 1067 numero
774 1015 897 1083 ejusdem
924 1015 1014 1068 aetatis
1036 1014 1065 1068 0.

86 1093 173 1146 Carbo
186 1093 249 1157 fuit,
265 1093 340 1145 illius
353 1093 568 1160 eloquentissimi
580 1093 633 1145 viri
645 1093 725 1148 filius.
769 1094 798 1145 Is
811 1111 867 1146 non
887 1094 953 1147 satis
972 1098 1069 1146 acutus

85 1177 185 1236 orator,
199 1170 246 1222 sed
259 1177 352 1224 tamen
363 1177 454 1224 orator
466 1176 626 1224 numeratus
636 1176 684 1226 est.
717 1172 785 1225 Emi
798 1173 828 1224 in
838 1173 927 1226 verbis
939 1171 1067 1240 gravitas,

86 1255 114 1301 et
135 1250 214 1302 facile
234 1250 348 1315 dicebat,
366 1255 395 1302 et
416 1251 604 1302 auctoritatem
626 1251 779 1303 naturalem
799 1251 939 1318 quandam
951 1251 1070 1304 habebat

86 1329 180 1381 oratio.
224 1329 339 1382 Acutior
352 1328 383 1392 Q.
401 1329 502 1382 Varius
515 1329 595 1382 rebus
608 1329 780 1382 inveniendis
799 1347 850 1382 nec
869 1330 961 1382 minus
981 1329 1070 1382 verbis

86 1408 252 1475 expeditus;
272 1407 350 1460 fortis
373 1425 437 1460 vero
460 1412 537 1460 actor
559 1412 588 1460 et
610 1408 754 1460 vehemens
774 1414 803 1460 et
822 1409 912 1460 verbis
929 1425 979 1460 nec
991 1407 1071 1476 inops

86 1503 136 1538 nec
150 1486 282 1553 abjectus,
297 1490 334 1552 et,
350 1503 433 1554 quem
445 1487 526 1554 plane
540 1491 675 1539 oratorem
688 1487 777 1539 dicere
790 1486 912 1552 auderes,
929 1487 977 1540 Gn
989 1486 1071 1538 Pom-

86 1565 194 1630 ponius,
230 1565 362 1618 lateribus
394 1583 528 1632 pugnans,
556 1565 673 1618 incitans
706 1565 821 1631 animos,
849 1583 919 1632 acer,
947 1565 1068 1632 acerbus,

87 1643 255 1696 criminosus.
301 1645 365 1698 222.
390 1643 514 1702 Multum
534 1644 569 1696 ab
590 1644 634 1695 his
655 1644 749 1696 aberat
763 1643 792 1697 [a
810 1643 913 1710 Fufius,
928 1647 1022 1696 tamen
1035 1660 1070 1696 ex

86 1722 257 1774 accusatione
271 1721 319 1775 M'.
337 1723 442 1790 Aquilii
462 1723 611 1790 diligentiae
630 1723 751 1775 fructum
774 1727 888 1790 ceperat.
933 1721 1007 1775 Nam
1026 1721 1066 1776 M.

86 1799 218 1866 Drusum,
234 1805 314 1854 tuum
328 1818 457 1868 magnum
471 1801 647 1868 avunculum,
662 1818 773 1869 gravem
786 1805 921 1854 oratorem
940 1801 981 1854 ita
1001 1801 1072 1854 dun-

86 1883 176 1942 taxat,
200 1897 262 1930 cum
283 1879 318 1932 de
338 1897 368 1932 re
389 1881 498 1947 publica
521 1879 631 1946 diceret,
651 1879 681 1933 Ia
703 1885 796 1932 autem
820 1880 967 1933 Lucullum
988 1880 1072 1932 etiam

87 1967 210 2023 acutum,
236 1963 396 2026 patremque
415 1962 506 2024 tuum,
529 1959 625 2024 Brute,
645 1959 716 2026 juris
739 1975 848 2026 quoque
872 1963 901 2012 et
921 1958 1025 2026 publici
1043 1961 1072 2010 et

15 2063 16 2072 .
86 2036 190 2104 privati
203 2053 267 2088 eane
279 2037 406 2104 peritum,
425 2037 463 2090 M.
486 2037 641 2102 Lucullum,
666 2037 705 2089 M.
728 2035 880 2103 Octavium,
897 2036 945 2090 On.
963 2036 1007 2103 R,
1024 2037 1073 2104 qui

86 2119 200 2168 tantum
221 2116 383 2168 auctoritate
407 2115 577 2184 dicendoque
598 2115 695 2179 valuit,
720 2119 753 2167 nt
776 2115 864 2182 legem
886 2114 1073 2182 Sempmniam

86 2194 296 2246 frumentanam
325 2195 420 2262 populi
449 2193 601 2262 frequentis
641 2193 774 2260 saiffragiis
803 2193 983 2260 abrogaverit,
1020 2192 1069 2246 (ln.⁴

87 2273 234 2325 Octavium
249 2272 288 2326 M.
306 2272 350 2340 R,
358 2273 405 2326 M.
424 2272 555 2325 Catonem
567 2276 682 2339 patrem,
695 2271 726 2335 Q.
744 2269 828 2325 etiam
842 2271 971 2324 Catulum
984 2271 1073 2324 filium

86 2351 258 2403 abducamus
272 2369 306 2404 ex
320 2352 386 2418 acie,
398 2352 428 2404 id
438 2353 524 2404 catab
534 2351 654 2419 judiciis,
667 2355 695 2404 et
705 2351 734 2403 in
747 2351 880 2418 praesidiis
892 2351 933 2403 rei
945 2351 1069 2419 publicae,

86 2431 135 2482 cui
160 2429 240 2482 facile
266 2429 419 2484 satisfacere
446 2431 559 2497 possint,
588 2430 755 2482 collocemus.
810 2432 874 2484 223.
907 2429 1011 2482 Eodem
1037 2429 1069 2494 Q.

87 2508 247 2576 Caepionem
259 2509 395 2574 referrem,
412 2508 465 2560 nisi
478 2509 560 2560 nimis
581 2503 701 2576 equestri
720 2509 809 2560 ordini
822 2509 933 2561 deditus
946 2525 963 2561 a
975 2512 1074 2561 senatu

86 2586 253 2640 dissedisset
298 2586 346 2640 (in.
369 2587 529 2654 Carbonem,
550 2587 588 2640 M.
617 2587 737 2639 Marium
757 2591 786 2639 et
806 2604 841 2639 ex
862 2587 959 2639 eodem
976 2603 1074 2654 genere

88 2665 251 2733 complures,
271 2665 383 2718 minime
407 2665 503 2733 dignos
526 2666 658 2733 elegantis
681 2670 832 2718 conventus
852 2665 972 2731 auribus,
991 2665 1073 2732 aptis·

88 2744 174 2796 simos
195 2744 310 2812 cognovi
331 2743 499 2796 turbulentis
519 2744 697 2796 contionibus.
741 2744 803 2806 Quo
822 2743 851 2795 in
871 2760 977 2810 genere,
992 2747 1025 2795 ut
1044 2742 1074 2796 in

88 2823 135 2876 his
161 2823 320 2890 perturbem
346 2826 461 2876 {etatum
487 2823 623 2888 ordinum,
653 2839 741 2889 nuper
767 2821 797 2874 1.
829 2821 974 2884 Quinctius
1000 2821 1054 2874 fuit
1066 2839 1074 2885 ;

89 2901 182 2968 aptior
195 2901 279 2954 etiam
293 2901 438 2954 Palicanus
451 2901 562 2954 auribus
575 2901 771 2968 imperitorum.
810 2902 876 2952 224.
893 2900 930 2952 Et
944 2900 1074 2968 quoniam

90 2979 176 3047 hujus
203 2979 309 3046 generis
335 2980 408 3033 facta
433 2981 537 3032 mentio
568 2983 618 3046 est,
648 2979 838 3031 seditiosorum
864 2978 988 3031 omnium
1013 2983 1075 3046 post

92 3058 230 3112 Gracchos
252 3058 282 3112 1..
300 3059 453 3127 Appuleius
474 3059 637 3112 Saturninus
659 3057 896 3124 eloquentissimus
916 3057 991 3110 visus
1011 3061 1074 3121 est;

92 3137 179 3204 magis
206 3138 294 3204 specie
320 3141 423 3202 manen,
453 3141 481 3189 et
511 3141 598 3202 motu,
627 3141 711 3204 atque
737 3136 796 3204 ipso
823 3135 925 3188 amictu
952 3135 1076 3203 capiebat

93 3215 217 3268 homines
238 3232 321 3282 quam
341 3220 390 3268 aut
412 3215 520 3268 dicendi
541 3215 627 3283 copia,
643 3221 692 3267 aut
712 3215 898 3267 mediocritate
911 3213 1071 3281 prudentia.

93 3293 187 3362 Longe
210 3298 303 3346 autem
325 3298 387 3362 post
410 3299 490 3346 natos
511 3294 635 3347 homines
658 3293 872 3360 improbissimus
895 3291 923 3344 0.
946 3289 1076 3343 Servilius

95 3371 218 3438 Glaucia,
234 3372 282 3424 sed
296 3376 449 3439 peracutus,
465 3377 494 3425 et
508 3373 631 3438 callidus,
647 3389 710 3423 cum
723 3371 872 3438 primisque
884 3369 1022 3422 ridiculus.
1047 3368 1076 3422 Is

94 3467 130 3502 ex
143 3451 257 3502 summis
270 3454 298 3502 et
311 3451 429 3503 fortunae
443 3455 472 3503 et
485 3452 550 3504 vitae
569 3451 693 3503 sordibus
705 3449 735 3500 in
748 3451 867 3515 praetura
880 3447 975 3500 consul
987 3447 1077 3500 factus

94 3533 174 3595 esset,
190 3529 213 3580 si
232 3529 366 3582 rationem
385 3529 445 3598 ejus
463 3529 558 3582 haberi
576 3529 656 3580 licere
672 3527 827 3595 judicatum
846 3529 936 3589 easet;
964 3541 1029 3578 nam
1048 3530 1077 3578 et

94 3607 202 3673 plebem
214 3607 335 3674 tenebat,
347 3611 376 3660 et
389 3612 541 3674 equestrem
551 3607 673 3660 ordinem
684 3605 813 3658 beneficio
825 3604 892 3672 legis
905 3603 1047 3659 devinxere

96 3685 124 3737 Is
136 3690 238 3754 praetor
251 3685 346 3738 eodem
359 3685 413 3753 die,
429 3703 484 3754 quo
497 3685 661 3739 Saturninus
681 3684 808 3736 tribunus
827 3683 923 3752 plebis,
939 3682 1025 3736 Mario
