2436 4164
513 307 644 352 taurus.
1027 293 1065 351 4³

89 450 214 518 primum,
237 452 372 518 quantum
391 448 448 516 ipse
468 449 571 502 efficere
590 446 696 516 possis3
716 447 816 500 deinde
835 447 918 500 etiam
931 453 1067 516 quantum

89 530 142 596 ille,
164 545 247 597 quem
267 529 364 596 diligas
383 533 467 596 atque
486 527 610 595 adjuves,
626 527 766 580 sustinere.
811 526 877 580 Non
891 527 964 580 enim
977 545 1066 596 neque

89 613 119 660 tu
148 608 244 676 possis,
267 605 393 676 quamvis
425 607 490 658 licet
518 605 643 672 excellas,
673 623 768 658 omnes
797 609 860 658 tuos
888 606 923 658 ad
951 607 1066 658 honores

89 687 265 754 amplissimos
279 685 425 754 perducere
440 705 445 738 :
460 689 492 737 ut
506 685 596 752 Scipio
610 685 641 738 P.
659 684 803 751 Rupilium
816 684 908 752 potuit
922 685 1067 738 (lonsulem

89 766 190 817 efficere
204 785 211 828 3
231 767 344 816 fratrem
358 764 417 831 ejus
431 764 547 816 Lucium
560 780 616 816 non
628 763 719 831 potuit
734 783 740 826 ;
761 763 835 830 quod
849 764 873 815 si
886 764 969 816 etiam
982 764 1068 831 possis

88 844 196 911 quidvis
210 844 314 896 deferre
328 843 363 895 ad
376 843 503 909 alterum,
519 843 669 894 videndum
682 846 836 908 esttamen,
849 842 917 910 quid
926 843 973 895 ille
981 843 1068 910 possit

0 927 1 932 ’
88 923 226 974 sustinere.
253 921 298 977 74.
316 922 436 974 Omnino
449 921 577 973 amicitiae
588 921 768 974 corroboratis
778 921 837 989 jam
848 921 1067 988 confirmatisque

89 1006 116 1053 et
136 1001 251 1068 ingeniis
274 1005 303 1052 et
324 1001 453 1052 aetatibus
470 999 628 1067 judicandae
652 1004 736 1053 sunt:
766 1017 825 1066 nec,
848 1001 871 1052 si
889 1001 938 1068 qui
955 1001 1068 1052 ineunte

89 1084 169 1132 aetate
182 1080 301 1132 venandi
314 1084 363 1131 aut
375 1080 438 1147 pilae
453 1079 568 1131 studiosi
581 1079 703 1147 fuenmt,
719 1096 764 1132 eos
777 1080 876 1132 habere
893 1080 1066 1147 necessarios,

90 1163 230 1226 questum
244 1159 339 1210 eodem
351 1158 444 1210 studio
457 1158 587 1225 praeditos
600 1158 764 1210 dilexerunt.
809 1159 868 1211 Isto
891 1159 965 1210 enim
986 1159 1068 1232 modo

89 1237 207 1290 nutrices
229 1242 258 1288 et
281 1237 422 1305 paedagogi
441 1237 504 1304 jure
527 1237 673 1289 vetustatis
695 1237 844 1304 plurimum
871 1237 1069 1290 benevolentiae

87 1317 266 1384 postulabunt
278 1335 285 1380 ;
306 1316 354 1383 qui
367 1315 523 1383 negligendi
535 1316 647 1383 quidem
660 1333 716 1367 non
731 1321 804 1382 sunt,
820 1316 868 1368 scd
882 1317 935 1368 alio
949 1317 1069 1384 quodam

87 1395 175 1448 modo.
219 1395 308 1446 Aliter
321 1395 448 1446 amicitiae
460 1395 571 1446 stabiles
589 1411 746 1462 permanere
766 1411 823 1446 non
841 1399 962 1462 possunt.
1007 1396 1069 1448 Dis-

87 1490 165 1540 pares
178 1474 252 1526 euim
275 1491 364 1526 mores
387 1473 505 1541 disparia
521 1473 613 1526 studia
631 1478 794 1540 sequuntur,
814 1489 932 1541 quorum
953 1473 1069 1525 dissimi-

86 1553 176 1605 litudo
199 1552 326 1605 dissociat
348 1552 499 1606 amicitias:
529 1569 580 1604 nec
602 1552 639 1604 ob
661 1552 742 1604 aliam
763 1569 872 1604 causam
894 1552 980 1604 ullam
1003 1553 1070 1604 boni

86 1631 227 1698 improbis,
242 1631 358 1700 improbi
371 1631 450 1684 bonis
463 1631 543 1684 amici
556 1647 681 1683 essenon
696 1635 821 1699 possunt,
836 1631 890 1683 nisi
903 1631 977 1698 quod
991 1634 1071 1684 tanta

87 1714 130 1762 est
143 1709 216 1763 inter
229 1727 282 1776 eos,
298 1714 402 1778 quanta
414 1711 534 1762 maxima
550 1714 721 1778 potestesse,
736 1726 844 1762 morum
860 1709 1069 1778 studiorumque

87 1789 226 1844 distantia
272 1787 316 1846 75.
340 1789 426 1842 Recte
439 1790 522 1842 etiam
535 1790 646 1858 praecipi
659 1793 750 1857 potest
767 1789 797 1841 in
811 1789 947 1856 amicitiis,
970 1806 1005 1842 ne
1029 1789 1070 1841 in-

86 1872 237 1936 temperata
260 1868 386 1936 quaedam
412 1868 610 1936 benevolentia,
635 1869 710 1936 quod
733 1885 853 1936 persaepe
874 1867 915 1934 fit,
938 1868 1071 1936 impediat

87 1963 200 2014 nragnas
212 1947 348 2000 utilitates
361 1947 516 2000 amicorum.
561 1947 621 2000 Nec
634 1948 718 2015 enim,
732 1951 766 1999 ut
779 1948 815 2000 ad
827 1947 934 2000 fabulas
949 1947 1068 2014 redeam,

86 2025 197 2094 'lbojam
222 2026 422 2094 Neoptolemus
448 2043 541 2094 capere
568 2027 710 2094 potuisset,
734 2025 758 2078 si
783 2025 974 2092 Lycomedem,
997 2027 1071 2093 apud

86 2121 170 2172 quem
183 2109 242 2157 erat
255 2105 396 2172 educatus,
412 2105 507 2158 multis
516 2122 577 2157 cum
586 2105 703 2158 lacrimis
711 2104 765 2156 iter
775 2121 855 2156 suum
863 2104 1068 2172 impedientem,

86 2183 183 2236 audire
195 2183 326 2236 voluisset
340 2203 348 2248 ;
368 2189 396 2236 et
410 2201 480 2252 saepe
500 2184 627 2237 incidunt
646 2200 751 2250 magnae
764 2200 816 2250 res,
831 2186 864 2236 ut
877 2183 1071 2236 discedendum

86 2263 124 2314 sit
147 2262 182 2315 ab
202 2263 313 2314 amicis:
334 2279 402 2331 quas
425 2263 474 2331 qui
496 2263 627 2330 impedire
647 2263 718 2330 vult,
742 2261 816 2330 quod
837 2261 1002 2314 desiderium
1015 2280 1071 2315 non

87 2341 169 2394 facile
182 2341 262 2407 ferat,
279 2341 302 2394 is
316 2346 345 2394 ct
357 2341 481 2394 infirmus
493 2347 536 2394 est
549 2342 693 2409 mollisque
706 2345 813 2408 natura,
830 2345 859 2394 et
871 2341 907 2394 ob
917 2341 1071 2410 semipsum

86 2437 198 2472 causam
210 2421 240 2472 iu
254 2421 374 2472 amicitia
386 2437 483 2488 parum
494 2421 594 2488 justus
640 2420 685 2478 76.
710 2421 803 2488 Atque
816 2421 847 2473 in
860 2421 936 2473 omni
952 2438 982 2473 re
1008 2438 1070 2474 con·

87 2499 265 2552 siderandum
279 2504 328 2566 est,
346 2504 374 2551 et
388 2498 455 2568 quid
468 2500 591 2568 postules
604 2500 639 2552 ab
657 2499 753 2567 amico,
770 2504 798 2552 et
812 2499 880 2568 quid
893 2499 998 2567 patiare
1011 2517 1028 2552 a
1041 2504 1069 2552 te

86 2578 235 2646 impetrari.
444 2579 451 2588 ”

128 2655 211 2710 xxi.
234 2656 286 2709 Est
299 2657 381 2709 etiam
395 2657 473 2724 quasi
486 2657 612 2726 quaedam
626 2656 765 2710 calamitas
785 2657 815 2710 in
835 2657 962 2710 amicitiis
980 2657 1071 2711 dimit

87 2735 191 2788 tendis'
218 2752 416 2802 nonnunquam
450 2737 619 2790 necessaria:
661 2737 720 2804 jam
754 2737 828 2790 enim
857 2753 874 2789 a
905 2737 1070 2805 sapientium

87 2814 320 2867 familiaritatibus
343 2814 378 2866 ad
400 2815 523 2882 vulgares
544 2815 676 2868 amicitias
698 2816 785 2868 oratio
808 2820 902 2868 nostra
924 2816 1067 2871 delabitur.

88 2893 249 2961 Erumpunt
261 2909 333 2960 saepe
346 2893 414 2945 vitia
427 2893 576 2946 amicorum
589 2910 674 2960 quum
698 2895 727 2946 in
745 2894 818 2962 ipsos
835 2895 944 2962 amicos,
959 2900 1021 2947 tum
1042 2897 1072 2948 in

87 2973 202 3038 alienos,
228 2989 345 3039 quorum
367 2976 460 3024 tamen
481 2973 517 3024 ad
543 2973 643 3025 amicos
669 2973 805 3025 redundet
831 2973 950 3028 infamia
996 2974 1073 3026 Tales

87 3051 176 3118 igitur
187 3050 314 3103 amicitiis
327 3055 393 3102 sunt
404 3051 560 3104 remissione
580 3067 646 3104 usus
665 3052 798 3118 eluendae,
822 3056 859 3118 et,
885 3057 918 3105 ut
941 3051 1073 3106 (latonem

1 3146 9 3186 ,·
88 3130 181 3182 dicere
193 3129 296 3195 audivi,
311 3129 464 3183 dissuendae
477 3126 562 3197 magis
576 3147 659 3197 quam
668 3131 851 3184 discindendae
864 3150 870 3184 :
884 3131 937 3184 nisi
947 3132 1074 3200 quaedam

88 3207 240 3260 admodum
253 3208 432 3260 intolerabilis
444 3208 545 3277 injuria
559 3209 699 3276 exarserit,
715 3214 748 3262 ut
761 3227 850 3278 neque
864 3215 970 3264 rectum
983 3227 1073 3276 neque

87 3287 238 3340 honestum
251 3287 287 3340 sit
300 3305 389 3355 neque
403 3287 461 3339 fieri
474 3288 565 3355 possit,
583 3293 615 3340 ut
629 3305 684 3340 non
703 3289 797 3341 statim
814 3289 942 3342 alienatio
954 3288 1073 3357 disjunc-

87 3367 187 3434 tisque
200 3365 325 3418 facienda
344 3366 390 3420 sit.
432 3364 477 3423 77.
501 3366 550 3419 Sin
568 3371 661 3418 autem
674 3373 723 3419 aut
737 3384 845 3420 morum
858 3372 906 3420 aut
919 3367 1073 3419 studiorum

88 3445 272 3498 commutatio
286 3446 421 3512 quaedam,
433 3449 466 3497 ut
479 3445 538 3497 fieri
551 3446 629 3512 solet,
642 3446 716 3498 facta
729 3446 790 3513 erit,
801 3451 850 3498 aut
863 3446 892 3497 in
905 3445 1065 3512 reipublice

88 3523 217 3592 partibus
230 3523 361 3575 dissensio
373 3523 555 3576 intercesserit
569 3525 677 3592 (loquor
690 3525 763 3576 enim
774 3525 841 3592 jam,
857 3529 890 3576 ut
904 3524 996 3592 paullo
1009 3541 1042 3575 an

89 3602 163 3670 dixi,
177 3619 234 3654 non
248 3602 282 3654 de
296 3601 468 3669 sapientium,
486 3603 533 3655 sed
550 3602 584 3654 de
602 3603 793 3655 communibus
812 3602 958 3672 amicitiis),
979 3619 1028 3655 cav

89 3683 162 3734 dum
175 3680 237 3748 crit,
252 3698 288 3734 ne
301 3698 357 3734 non
371 3681 459 3734 solum
472 3681 599 3734 curicitire
613 3682 751 3748 depositae,
772 3681 820 3734 sed
829 3681 979 3734 inimicitiae
992 3682 1025 3734 et*

90 3765 227 3828 sruceptae
240 3761 397 3814 rideantur.
438 3760 467 3812 N
468 3760 517 3813 ihil
538 3759 611 3812 enim
624 3760 733 3828 turpius
747 3777 829 3830 quam
843 3778 906 3814 cum
924 3777 956 3814 eo
972 3761 1021 3814 bel
