2436 4164
136 293 175 349 84
451 303 486 346 u.
507 303 617 346 runnu
637 301 804 344 ciceronis

135 448 198 513 poet
211 460 275 498 eum
285 441 314 496 0.
327 442 468 508 Billienus,
485 441 568 495 homo
580 457 629 509 per
642 451 805 508 semegem,
817 455 902 508 prope
915 439 998 492 simili
1011 439 1119 492 ratione

135 539 259 576 summus
279 525 424 585 evaserat;
444 521 493 589 qui
516 520 611 573 consul
632 519 723 572 iaetus
744 523 825 585 esset,
849 518 903 570 nisi
926 519 956 571 in
976 518 1119 570 Marianos

136 601 293 654 connrlatus
306 604 335 652 et
354 600 384 652 iu
397 617 443 654 eas
456 599 597 666 petitionis
617 598 758 666 augustias
770 597 920 650 incidisset.
974 594 1039 652 176.
1065 595 1113 648 On.

135 685 228 732 autem
238 679 346 732 Octavii
359 677 524 746 eloquentia,
537 693 600 744 qnae
613 677 704 729 fuerat
716 680 780 729 ante
794 675 967 728 consulatum
980 675 1116 742 ignorata,

134 759 165 811 in
179 757 322 810 consulatu
335 756 432 809 multis
451 756 626 809 contionibus
646 759 687 807 est
701 755 877 808 vehementer
896 754 1017 822 probata
1062 752 1117 805 Sed

135 837 171 890 ab
193 837 241 903 eis,
266 835 316 904 qui
338 839 449 887 tantum
475 834 505 886 iu
527 835 678 887 dicentium
700 849 823 899 numero,
845 849 903 885 non
923 831 952 884 in
976 836 1117 884 oratorum

134 916 257 980 fuerunt,
270 914 329 982 jam
342 913 378 966 ad
391 917 513 966 oratores
531 917 705 965 revertamur.
750 911 862 977 Censeo,
877 911 969 978 iuquit
982 910 1096 963 Atticus
1110 930 1116 974 ;

135 995 295 1061 eloquentes
308 991 381 1045 enim
393 991 531 1058 videbare,
543 1008 601 1043 non
614 991 722 1043 sedulos
737 989 805 1041 velle
819 989 984 1057 conquirere.

175 1070 310 1126 XLVIII.
356 1067 420 1127 177.
449 1070 612 1123 Festivitete
632 1070 718 1136 igitur
741 1072 769 1120 et
792 1068 907 1134 bestiis,
933 1068 1056 1136 inquam,
1083 1069 1112 1120 0.

134 1150 229 1202 Julius
240 1149 270 1202 1..
284 1149 314 1203 P.
330 1153 359 1201 et
372 1148 555 1216 superioribus
568 1152 596 1200 et
610 1147 761 1214 aequalibus
775 1147 831 1199 suis
844 1146 972 1199 omnibus
984 1146 1115 1214 praestitit

135 1233 280 1296 oraturque
290 1228 345 1281 fuit
357 1227 470 1280 minime
482 1227 530 1280 ille
544 1226 655 1294 quidem
669 1225 824 1292 vehemens,
836 1225 885 1277 sed
897 1241 978 1278 nemo
991 1233 1116 1292 unquam

134 1307 300 1374 urbanitate,
316 1323 397 1359 nemo
414 1306 515 1374 lepore,
530 1322 611 1357 nemo
625 1305 762 1357 suavitate
782 1303 924 1357 conditior.
969 1303 1041 1356 Sunt
1055 1303 1115 1370 ejus

134 1387 241 1454 aliquot
253 1385 396 1451 orationes,
414 1402 449 1437 ex
462 1385 571 1452 quibus,
586 1384 657 1436 sicut
670 1399 706 1435 ex
717 1382 841 1450 ejusdem
853 1381 1002 1450 tragoediis,
1016 1382 1116 1434 lenitas

134 1465 260 1532 ejussine
273 1464 364 1516 nervis
373 1464 489 1532 perspici
501 1467 600 1530 potest.
640 1461 675 1518 17
678 1465 704 1515 8.
722 1461 791 1529 Ejus
801 1461 914 1528 aequalis
923 1459 954 1513 P.
967 1459 1113 1528 Cethegus,

134 1544 179 1596 eui
192 1545 226 1596 de
239 1561 268 1596 re
281 1543 390 1611 publica
402 1543 469 1595 satis
481 1541 672 1609 suppeditabat
686 1539 773 1593 oratio
787 1559 794 1603 ;
814 1543 902 1592 totam
916 1539 990 1590 enim
1002 1539 1115 1591 tenebat

134 1639 194 1675 eam
207 1623 370 1690 penitusque
390 1620 526 1688 cognorat.
570 1619 669 1687 Itaque
688 1619 717 1670 in
731 1619 839 1672 senatu'
849 1617 1032 1670 consularium
1052 1635 1115 1670 auc·
1192 1621 1195 1628 ⁴

133 1701 275 1752 toritatem
288 1699 492 1766 assequebatur,
507 1698 556 1750 sed
575 1697 606 1748 iu
619 1699 706 1750 causis
725 1696 842 1764 publicis
861 1695 940 1762 nihil,
955 1696 985 1748 in
998 1696 1116 1764 privatis

134 1779 200 1830 satis
213 1782 350 1830 veterator
362 1776 514 1850 videbatur.
558 1775 626 1830 Erat
639 1776 669 1826 in
688 1775 802 1843 privatis
815 1775 902 1827 causis
922 1774 953 1837 Q.
971 1775 1116 1828 Lueretius

135 1855 253 1924 Vispillo
274 1859 303 1907 et
326 1859 423 1907 acutus
447 1858 475 1906 et
495 1854 566 1921 juris
588 1855 712 1922 peritus;
740 1871 804 1906 nam
828 1853 917 1906 Ofella
940 1853 1115 1906 contionibus

133 1935 223 2002 aptior
235 1950 319 2002 quarn
335 1933 453 2002 judiciis.
497 1932 623 1985 Prudens
645 1933 728 1984 etiam
749 1933 777 1986 Τ.
794 1932 903 1984 Annius
916 1931 1017 1984 Velina
1036 1937 1066 1984 et
1085 1933 1116 1984 in

134 2014 195 2081 ejus
216 2013 321 2081 generis
343 2011 430 2064 causis
448 2019 541 2064 orator
560 2028 624 2063 sane
643 2011 799 2064 tolerabilis.
844 2011 880 2062 ln
900 2010 996 2062 eodem
1015 2027 1115 2078 genere

134 2108 277 2146 caumrum
290 2092 441 2144 multarum
451 2094 510 2142 erat
524 2091 552 2144 Τ.
570 2089 591 2142 J
591 2089 727 2154 urentius,
744 2088 825 2141 nimis
837 2089 885 2141 ille
898 2089 1011 2157 quidem
1020 2089 1116 2142 lentus

133 2170 163 2222 iu
178 2169 293 2223 dicendo
306 2174 335 2222 et
347 2186 425 2238 paene
438 2168 563 2236 frigidus,
575 2168 623 2220 sed
634 2172 662 2220 et
672 2167 785 2220 callidus
795 2171 824 2219 et
837 2167 867 2219 in
877 2168 1008 2235 capiendo
1018 2168 1115 2221 adver-

134 2249 205 2301 sario
225 2253 353 2300 versutus
373 2251 402 2300 et
425 2252 557 2314 praeterea
576 2263 626 2298 neo
644 2246 771 2298 indoctus
790 2250 819 2298 et
840 2263 939 2313 magus
959 2263 1022 2298 cum
1042 2247 1116 2314 juris

134 2326 223 2379 civilis
236 2326 424 2392 intelligentia
470 2324 534 2382 179.
560 2325 646 2392 Cujus
665 2324 775 2377 auditor
787 2324 818 2377 P.
836 2323 945 2390 Orbius,
967 2342 1044 2377 meus
1057 2326 1116 2378 fere

134 2403 257 2472 aequalia,
271 2405 302 2456 in
315 2404 431 2456 dicendo
444 2420 500 2455 non
520 2403 603 2455 nimis
616 2403 789 2469 exercitatus,
803 2403 833 2455 in
849 2403 913 2470 jure
933 2408 1026 2455 autem
1040 2405 1116 2456 civili

134 2499 191 2534 nou
203 2481 316 2534 inferior
335 2498 419 2549 quam
438 2482 568 2548 magister
579 2481 643 2533 fuit.
686 2481 715 2532 N
716 2499 760 2533 am
774 2481 803 2534 Τ.
821 2481 957 2548 Aufidius,
973 2482 1022 2549 qui
1042 2483 1116 2535 vixit

134 2561 170 2612 ad
191 2577 325 2612 summam
345 2563 524 2626 senectutem,
550 2559 659 2611 volebat
678 2577 735 2611 esse
757 2559 852 2612 similis
874 2561 974 2612 horum
1000 2564 1115 2629 eratque

134 2643 163 2691 et
182 2639 271 2692 bonus
290 2639 333 2690 vir
352 2642 381 2690 et
400 2638 539 2704 innocens,
561 2637 609 2689 sed
632 2637 740 2690 dicebat
759 2655 853 2705 parum
870 2658 877 2702 ;
897 2655 948 2690 nec
967 2655 1031 2691 sane
1051 2640 1116 2706 plus

134 2719 219 2770 frater
242 2717 301 2785 ejus
321 2717 361 2769 M.
379 2715 521 2783 Virgilius,
544 2716 592 2784 qui
615 2716 744 2768 tribunus
766 2716 853 2784 plebis
876 2716 1008 2770 L.Su11ae
1028 2717 1115 2785 impe·

134 2796 219 2848 raton'
238 2796 312 2848 diem
332 2795 410 2848 dixit.
455 2794 524 2861 Ejus
544 2794 647 2861 collega
667 2794 698 2847 P.
716 2793 826 2862 Magius
845 2795 875 2847 in
895 2795 1011 2848 dicendo
1030 2797 1115 2863 paulo

134 2878 229 2926 tamen
242 2874 380 2940 copiosior.
426 2875 491 2926 180.
516 2872 569 2925 Sed
582 2873 705 2924 omnium
718 2878 857 2926 oratorum
874 2873 931 2925 sive
945 2874 1113 2941 nebularum,

135 2952 184 3020 qui
207 2955 236 3004 et
256 2952 336 3018 plane
356 2951 469 3016 indocti,
495 2955 523 3002 et
546 2950 684 3016 inurbani,
700 2955 749 3002 aut
769 2951 864 3004 rustici
883 2951 966 3004 etism
988 2953 1114 3020 fuerunt,

135 3047 205 3098 quos
231 3029 343 3097 quidem
369 3045 420 3096 ego
446 3020 628 3096 cognoverim,
657 3029 853 3082 solutissimum
880 3030 909 3081 in
942 3030 1058 3084 dicendo
1086 3037 1116 3084 et

134 3108 322 3162 acutissimum
339 3107 434 3175 judico
456 3107 544 3159 nostri
563 3107 666 3159 ordinis
686 3107 717 3170 Q.
746 3108 903 3174 Sertorium,
927 3110 1061 3176 equestris
1082 3111 1111 3163 0.

136 3187 312 3256 Gargonium.
356 3185 422 3237 Fuit
445 3185 529 3237 etiam
548 3185 636 3237 facilis
656 3191 684 3237 et
704 3186 848 3254 expeditus
868 3187 904 3239 ad
917 3187 1065 3240 dicendum
1086 3195 1116 3241 et

135 3267 201 3320 vitae
214 3265 357 3333 splendore
370 3264 459 3316 multo
472 3267 501 3315 et
513 3263 623 3330 ingenio
643 3280 707 3316 sane
720 3265 853 3332 probabili
866 3266 895 3318 Τ.
908 3265 1012 3318 Juuius
1022 3266 1052 3318 1.
1067 3266 1114 3334 ll,

135 3344 308 3411 tribunicius,
330 3360 386 3412 quo
406 3346 549 3395 accusante
569 3341 601 3394 P.
618 3341 728 3394 Sextius
747 3348 849 3410 praetor
868 3344 1026 3411 designatus
1039 3345 1116 3397 dam-

135 3427 218 3476 natus
244 3428 286 3475 est
313 3422 451 3484 ambitus3
481 3422 506 3473 is
531 3421 705 3488 processisset
731 3421 880 3474 honoribus
914 3423 1031 3490 longius,
1061 3425 1117 3476 nisi

136 3519 241 3568 semper
253 3501 362 3553 infirma
371 3505 454 3567 atque
468 3500 551 3552 etiam
564 3517 636 3566 aegra
649 3499 806 3552 valetudine
818 3501 922 3553 fuisset.

176 3580 280 3632 XLIX
327 3581 390 3632 181.
415 3580 509 3646 Atque
526 3595 575 3646 ego
597 3579 729 3644 preclare
746 3578 877 3646 intelligo,
902 3595 945 3631 me
969 3579 998 3632 iu
1021 3597 1119 3636 comm

141 3657 393 3720 commemoratione
415 3657 516 3709 versari
539 3656 587 3723 qui
607 3673 658 3708 nec
680 3655 767 3707 habiti
794 3661 859 3708 sunt
884 3662 1004 3710 oratores
1027 3677 1119 3729 neque

161 3740 258 3801 erunt,
284 3735 471 3803 praeteririque
495 3753 511 3786 a
535 3751 579 3785 me
602 3734 708 3800 aliquot
735 3751 770 3785 ex
792 3735 931 3788 veteribus
955 3753 1119 3793 commemo-
