2456 4162
138 293 196 350 104
392 298 395 304 ’
452 309 487 349 u.
510 309 618 348 rainu
640 308 807 350 monronis

140 449 190 501 hos
204 448 315 516 quidem
329 448 434 517 equites
449 448 596 514 Romanos,
612 448 713 500 amicos
722 452 837 516 nostros,
852 447 901 516 qui
913 453 1002 514 nuper
1020 448 1126 500 mortui

143 525 236 593 sunt*
251 528 281 580 P.
300 527 453 580 Cominium
464 527 646 594 Spoletinum,
663 544 718 594 quo
731 531 875 580 accusante
889 526 1000 578 defendi
1014 527 1042 580 C.
1061 527 1125 580 Cor·

140 607 254 672 nahum,
270 607 299 658 in
310 624 364 675 quo
378 611 407 659 et
417 607 596 674 compositum
605 605 713 658 dicendi
721 623 807 673 genus
815 611 844 658 et
853 623 914 658 aere
924 609 953 658 et
963 606 1124 674 expeditum

139 687 215 749 fuit;
236 686 264 739 Τ.
282 687 397 739 Accium
411 685 608 751 Pisaurensem,
633 685 711 752 cujus
735 685 900 738 accusationi
922 685 1051 753 respondi
1075 693 1129 754 pro

139 767 173 818 A.
191 765 328 832 Cluentio,
345 765 435 833 quiet
449 768 572 817 accurate
586 764 703 830 dicebat,
730 769 758 816 et
782 765 848 816 satis
872 764 987 832 copiose,
1010 769 1126 833 eratque

138 849 269 912 praeterea
282 845 379 898 doctus
399 843 575 911 Hermagorae
598 844 749 911 praeceptis,
776 843 876 912 quibus
890 845 943 895 etsi
963 850 1126 900 ornamenta

139 941 195 976 non
218 925 284 976 satis
306 924 396 991 opima
416 923 534 988 dicendi,
559 927 661 988 tamen,
677 927 710 975 nt
723 923 810 975 hastae
822 923 951 976 velitibus
965 927 1124 990 amentatae,

140 1002 178 1056 sic
191 1007 255 1074 apta
269 1003 396 1070 quaedam
410 1007 438 1055 et
461 1006 557 1070 parata
578 1001 692 1069 singulis
715 1019 857 1060 causarum
880 1003 1025 1070 generibus
1046 1019 1126 1070 argu-

140 1087 233 1134 menta
246 1082 402 1135 traduntur.
448 1081 514 1138 272.
538 1081 636 1134 Studio
650 1085 743 1134 autem
756 1082 903 1148 neminem,
918 1099 968 1133 nec
988 1081 1127 1134 industria

140 1161 243 1228 majore
257 1161 580 1229 cognovi-quanquam
595 1177 630 1212 ne
644 1161 754 1228 ingenio
768 1161 879 1228 quidem
893 1160 942 1228 qui
954 1161 1122 1228 prastiterit,

140 1240 219 1293 facile
243 1239 369 1307 dixerim,
396 1240 424 1294 Ο.
452 1239 555 1306 Pisoni,
581 1257 681 1308 genero
702 1257 770 1292 meo.
816 1240 933 1292 Nullum
956 1244 1066 1308 tempus
1084 1240 1128 1292 1111

140 1336 264 1386 unquam
277 1320 392 1372 vacabat
410 1324 458 1372 aut
480 1337 497 1372 a
519 1319 621 1372 forensi
642 1319 762 1371 dictione
783 1324 833 1372 aut
856 1337 873 1372 a
894 1319 1126 1372 commentatione

141 1398 290 1452 domestica
303 1405 352 1452 aut
366 1416 382 1451 a
395 1399 536 1452 scribendo
550 1403 599 1451 ant
613 1415 629 1450 a
643 1398 796 1466 cogitando.
841 1398 940 1465 Itaque
956 1402 1050 1450 tantos
1063 1415 1126 1466 pro-

141 1495 231 1531 cessus
245 1479 385 1546 efficiebat,
401 1483 433 1531 ut
447 1479 563 1545 evolare,
586 1495 643 1530 non
666 1494 808 1530 excurrere
831 1478 992 1541 videretur;
1012 1482 1127 1545 eratque

141 1558 287 1611 verborum
301 1563 330 1610 et
343 1559 465 1611 delectus
478 1558 593 1626 elegans,
620 1562 649 1610 et
673 1561 746 1625 apta,
772 1561 800 1609 et
824 1557 902 1625 quasi
919 1556 1038 1609 rotunda
1062 1573 1126 1610 oon-

141 1638 255 1690 structio
267 1657 275 1700 ;
295 1655 412 1706 cumque
432 1641 593 1704 argumenta
614 1637 838 1704 excogitabantur
860 1636 896 1688 ab
917 1653 950 1688 eo
973 1635 1071 1702 multa,
1098 1641 1128 1688 et

140 1716 219 1768 finna
228 1717 264 1769 ad
274 1716 454 1784 probandum,
467 1721 529 1769 tum
538 1716 678 1768 concinnae
685 1720 827 1783 acutaeque
838 1716 982 1768 sententiae
994 1735 1001 1780 3
1021 1719 1127 1783 gestus-

142 1812 195 1864 que
209 1799 308 1848 natura
321 1795 361 1848 ita
374 1799 515 1862 venustus,
531 1800 564 1848 ut
577 1811 620 1847 ars
634 1795 727 1862 etiam,
742 1813 805 1863 qnae
818 1813 874 1848 non
896 1801 963 1862 erat,
987 1798 1015 1846 et
1038 1813 1053 1846 e
1072 1795 1127 1848 dis·

141 1873 242 1942 ciplina
268 1881 360 1928 motus
381 1875 493 1943 quidam
517 1875 655 1927 videretur
673 1875 804 1928 accedere.
850 1874 955 1928 Vereor
974 1892 1010 1926 ne
1033 1891 1127 1927 amore

140 1954 234 2007 videar
247 1955 327 2022 plura
340 1971 423 2023 quam
435 1954 539 2006 fuerint
548 1954 579 2006 in
591 1953 639 2006 1110
653 1953 741 2006 dicere
756 1972 762 2008 :
783 1953 858 2022 quod
866 1971 923 2006 non
936 1953 977 2006 ita
990 1957 1031 2006 est
1044 1973 1051 2016 ;
1072 1953 1129 2006 alia

142 2034 216 2086 enim
237 2035 272 2088 da
295 2034 343 2087 illo
364 2033 468 2104 majora
488 2033 542 2086 dici
564 2036 686 2102 possunt.
730 2033 805 2086 Nam
826 2050 876 2086 neo
894 2033 1063 2086 continentia
1076 2051 1129 2086 nec

141 2113 244 2182 pietate
257 2131 307 2166 nec
320 2115 486 2182 ullogenere
498 2113 611 2166 virtutis
632 2129 789 2181 quenquam
807 2113 930 2180 ejusdem
951 2113 1041 2165 aetatis
1063 2129 1128 2164 cum

140 2193 189 2246 illo
203 2194 397 2246 conferendum
410 2197 485 2262 puto.

184 2272 317 2326 LXXIX
357 2270 421 2329 273.
447 2273 506 2325 Nec
515 2290 579 2325 vero
590 2273 630 2326 M.
644 2270 758 2324 Caelium
767 2271 988 2339 praetereundum
998 2270 1126 2338 arbitror,

142 2368 322 2420 quaecumque
343 2352 403 2420 ejus
429 2352 459 2404 in
482 2353 561 2404 exitu
581 2352 627 2404 vel
647 2351 759 2403 fortuna
781 2351 827 2403 val
847 2367 924 2402 mens
950 2349 1012 2402 fuit.
1072 2349 1129 2413 Qui

142 2430 274 2498 quamdiu
287 2430 445 2483 auctoritati
467 2447 536 2482 meaa
557 2430 658 2498 paruit,
673 2431 737 2482 talis
760 2428 993 2496 tribunusplebis
1012 2429 1077 2495 fnit,
1094 2435 1129 2482 ut

141 2527 222 2562 nemo
257 2513 352 2561 contra
378 2509 478 2561 civium
505 2510 675 2576 perditorum
690 2509 860 2577 ’popularem
883 2508 1130 2576 tmbulentamque

142 2589 308 2641 dementiam
330 2605 347 2640 a
367 2591 465 2640 senatu
479 2592 508 2640 et
521 2589 684 2641 abonorum
711 2605 792 2640 causa
815 2588 922 2640 steterit
945 2587 1125 2640 constantius

142 2667 250 2730 *Quam
263 2667 323 2736 ejus
336 2666 471 2719 actionem
484 2667 604 2720 multum
616 2673 708 2720 umen
722 2671 750 2718 et
764 2666 907 2734 splendida
920 2671 949 2719 et
962 2667 1082 2734 grandis,
1100 2671 1130 2719 et

142 2747 237 2799 eadem
260 2747 290 2799 in
311 2746 405 2814 primis
430 2747 520 2799 faceta
546 2750 574 2799 et
600 2747 753 2814 perurbana
786 2746 995 2798 commendabat
1028 2745 1125 2800 oratio.

35 2821 38 2842 ¹
142 2826 246 2879 Graves
270 2826 330 2894 ejus
351 2826 490 2879 contiones
506 2825 612 2894 aliquot
626 2827 748 2892 fuerunt,
764 2842 838 2877 acres
861 2825 1045 2878 accusationes
1059 2828 1127 2890 tres,

142 2922 235 2972 eaeque
250 2921 343 2956 omnes
357 2922 390 2957 ex
404 2905 444 2957 rei
457 2905 573 2972 publicae
587 2904 760 2957 contentione
772 2908 905 2972 suscepta
917 2923 924 2967 ;
944 2903 1127 2970 defensiones,

142 2983 195 3035 etsi
208 2983 257 3035 illa
270 2987 348 3035 erant
361 2983 389 3035 in
405 3000 437 3036 eo
449 2983 570 3050 meliora,
587 3001 649 3050 quae
663 2983 730 3048 dixi,
742 3001 798 3035 non
812 2981 1020 3035 contemnendae
1033 2985 1128 3034 tamen

143 3079 261 3130 saneque
275 3061 435 3115 tolerabiles.
480 3062 535 3114 Hic
549 3079 608 3114 eum
625 3079 730 3119 summa
740 3062 883 3114 voluntate
893 3061 1027 3113 bonorum
1041 3060 1130 3113 aedilis

143 3142 245 3194 curulis
259 3142 349 3193 factus
367 3145 445 3208 esset,
461 3141 622 3210 nescioquo
645 3141 727 3194 modo
749 3141 867 3194 discessu
889 3157 950 3193 meo
970 3133 1099 3192 'discessit
1114 3158 1131 3192 a

142 3238 209 3288 sese,
225 3220 386 3289 ceciditque,
402 3225 578 3288 posteaquam
592 3217 638 3274 eos
651 3220 753 3273 imitari
763 3220 855 3288 coepit,
871 3236 939 3288 qnos
952 3219 1010 3286 ipse
1021 3236 1130 3286 perver-

142 3305 221 3353 terat.
247 3299 310 3356 274.
324 3300 378 3352 sed
387 3300 421 3352 de
431 3299 470 3352 M.
485 3299 590 3352 Calidio
598 3301 719 3353 dicamus
727 3299 840 3368 aliquid,
852 3299 901 3367 qui
909 3315 964 3350 non
974 3299 1028 3350 fuit
1037 3305 1132 3350 orator

143 3397 216 3433 unus
238 3397 253 3432 e
277 3379 381 3446 multis,
396 3379 489 3448 potins
501 3379 575 3432 inter
597 3380 699 3432 multoe
720 3396 804 3446 prope
827 3377 970 3445 singularis
993 3377 1067 3430 fuit:
1089 3378 1132 3430 ita

143 3459 297 3512 reconditas
310 3459 514 3526 exquisitasque
527 3459 678 3512 sententias
697 3458 787 3510 mollis
800 3462 829 3509 et
842 3457 982 3524 pellueens
995 3455 1147 3509 vestiebat

144 3539 239 3590 oratio.
265 3539 344 3590 Nihil
357 3542 415 3590 tam
429 3542 555 3591 tenerum
569 3555 652 3604 quam
665 3537 740 3590 illius
754 3535 958 3604 comprehensio
971 3535 1130 3602 verborum,

144 3617 212 3668 nibil
222 3621 280 3668 tam
290 3617 418 3683 flexibile,
433 3617 503 3668 nihil
517 3617 590 3684 quod
604 3617 690 3684 magis
703 3616 787 3682 ipsius
801 3615 913 3668 arbitrio
923 3613 1081 3681 fingeretur,
1098 3619 1133 3667 nt

150 3695 246 3748 nullius
261 3696 375 3748 oratoris
395 3713 473 3763 aeque
486 3695 515 3747 in
529 3699 665 3762 potestate
679 3695 763 3747 fuerit
777 3713 783 3747 :
804 3711 866 3761 qnae
880 3694 998 3761 primum
1012 3694 1052 3745 ita
1062 3709 1135 3761 pura

154 3777 211 3840 irat,
223 3777 260 3854 ⁴nt
274 3775 343 3826 nihil
356 3774 495 3842 liquidius,
512 3774 552 3826 ita
565 3773 649 3826 libere
669 3773 780 3840 fluebat,
797 3776 830 3826 nt
853 3789 990 3840 nusquam
1010 3772 1134 3825 adbaere-

244 3951 251 3962 ι
332 3931 358 3954 ¹¹
413 3953 422 3968 ι
451 3946 466 3965 ,ι

268 3969 274 3982 ,
331 3959 386 3992 0¹1·
424 3959 481 4017 uix

483 4029 505 4107 l
