2436 4164
485 284 564 326 ΟΑΤΟ
585 283 700 326 MAJOR.
1048 273 1085 328 ,il

101 435 158 470 non
185 421 342 486 senectutis,
368 421 416 474 sed
439 421 543 488 inertis,
568 422 684 489 ignavae,
709 422 897 475 somniculosae
924 422 1079 476 senectutis.

102 496 142 549 Ut
155 499 318 565 petulantia,
328 504 361 552 ut
373 500 459 553 libido
472 501 558 568 magis
571 505 613 552 est
626 501 855 567 adolescentium,
870 517 953 568 quam
973 517 1080 566 senum,

100 592 151 628 nec
160 582 254 629 tamen
274 579 397 630 omnium
417 579 639 646 adolescentium,
655 579 702 632 sed
722 596 778 632 non
799 579 954 646 proborum,
971 579 1009 630 sic
1028 579 1082 632 ista

100 655 193 706 senilis
205 656 335 723 stultitia,
351 675 413 724 quae
426 658 551 710 deliratio
564 658 694 726 appellari
707 658 785 724 solet,
801 675 897 710 senum
910 657 1013 709 levium
1027 663 1078 724 est,

99 750 156 786 non
180 735 309 789 omnium.
356 734 401 791 37.
430 736 568 799 Quattuor
592 737 719 789 robustos
746 736 826 802 filios,
852 736 974 804 quinque
1000 736 1077 801 filias,

99 816 207 864 tantam
227 813 349 881 domum,
367 819 460 867 tantas
480 815 619 868 clientelas
636 815 742 883 Appius
757 815 877 882 regebat,
900 818 928 866 et
948 831 1030 866 senex
1051 821 1079 866 et

99 907 205 956 caecsis;
224 893 364 946 intentum
382 895 456 946 enim
469 893 601 959 animum,
616 898 749 961 tanquam
769 911 870 959 arcum,
886 893 1012 958 habebat,
1029 911 1078 945 nec

97 969 275 1038 languescens
295 972 487 1024 succumbebat
500 973 642 1025 senectuti.
686 972 807 1024 Tenebat
821 989 876 1024 non
890 971 971 1024 modo
984 977 1077 1024 aucto-

98 1049 217 1116 ritatem,
234 1051 282 1102 sed
302 1051 385 1104 etiam
404 1051 549 1118 imperium
568 1051 598 1102 in
618 1068 699 1114 suos;
720 1049 881 1104 metuebant
899 1051 979 1117 servi,
1002 1067 1076 1102 vere·
1157 1045 1161 1054 ’

71 1187 75 1196 ¹
97 1127 199 1180 bantur
222 1129 310 1195 liberi,
334 1145 426 1182 carum
448 1146 541 1182 omnes
564 1129 721 1194 habebant;
741 1130 851 1197 vigebat
872 1129 902 1181 in
925 1129 972 1182 illa
994 1129 1075 1181 domo

96 1207 202 1272 patrius
215 1224 274 1260 mos
288 1212 317 1260 et
331 1207 480 1275 disciplina.
526 1210 570 1261 38.
594 1207 640 1261 Ita
659 1207 731 1260 enim
752 1212 875 1260 senectus
895 1208 1010 1260 honesta
1023 1213 1073 1272 est,

96 1285 122 1336 ai
134 1303 163 1337 sc
176 1287 235 1353 ipsa
248 1286 380 1352 defendit,
397 1287 421 1339 si
430 1287 477 1354 jus
491 1304 571 1338 suum
583 1287 693 1353 retinet,
705 1287 729 1338 si
741 1287 844 1340 nemini
856 1287 1011 1353 mancipata
1023 1293 1074 1353 est,

96 1365 120 1416 si
143 1382 231 1431 usque
252 1365 288 1418 ad
307 1366 438 1418 ultimum
457 1365 583 1432 spiritum
604 1365 760 1417 dominatur
778 1365 808 1416 in
828 1381 897 1418 suos.
942 1364 982 1417 Ut
1002 1365 1075 1420 enim

95 1443 305 1510 adolescentem,
321 1445 351 1496 in
370 1461 426 1510 quo
439 1449 482 1496 est
500 1444 585 1496 senile
605 1444 719 1511 aliquid,
734 1445 773 1496 sic
793 1460 894 1509 senem,
909 1444 938 1495 in
957 1460 1012 1510 quo
1032 1449 1074 1496 est

95 1521 202 1588 aliquid
222 1522 528 1590 adolescentis„probo:
550 1523 624 1590 quod
644 1522 693 1589 qui
712 1523 845 1589 sequitur,
861 1537 971 1588 corpore
991 1539 1074 1583 senes

96 1617 156 1652 esse
175 1602 285 1667 poterit,
307 1601 397 1654 animo
420 1617 562 1668 nunquam
582 1601 642 1654 erit.
683 1601 824 1668 'Septimus
843 1600 911 1660 mihi
931 1599 1073 1667 Originum

96 1678 167 1730 liber
187 1684 228 1730 est
247 1680 277 1731 in
297 1680 440 1744 manibus;
460 1680 552 1732 omnia
571 1679 745 1747 antiquitatis
764 1682 943 1731 monumenta
957 1679 1073 1746 colligo;

95 1773 240 1812 causarum
260 1758 415 1824 illustrium,
439 1775 614 1826 quascunque
634 1758 754 1824 defendi,
769 1775 844 1810 nunc
857 1775 943 1825 quum
956 1758 1074 1810 maxime

95 1835 210 1888 conficio
230 1838 385 1900 orationes;
412 1837 460 1905 jus
482 1837 637 1904 augurium,
662 1835 841 1904 pontificium,
866 1836 945 1888 civile
964 1840 1074 1890 tractc;

94 1915 216 1966 multum
236 1916 318 1968 etiam
338 1916 440 1968 Graecis
459 1916 559 1968 litteris
578 1921 661 1979 utor;
681 1915 969 1982 Pythagoreommque
988 1931 1072 1980 more,

95 1994 254 2048 exercendae
266 1995 404 2047 memoriae
417 1995 513 2062 gratia
529 1994 596 2062 quid
611 2011 720 2062 quoque
734 1993 778 2046 die
789 1993 913 2059 dixerim,
929 1993 1071 2059 audierim,

95 2072 204 2138 egerim,
227 2089 408 2126 commemoro
428 2073 539 2140 vesperi.
584 2073 637 2125 Hae
651 2076 716 2125 sunt
734 2071 941 2124 exercitationes
960 2072 1070 2138 ingenii,

94 2149 154 2203 haec
167 2151 301 2204 curricula
314 2151 429 2215 mentis;
449 2152 478 2203 in
491 2151 534 2203 his
548 2151 683 2202 desudem
696 2155 780 2218 atque
793 2151 944 2215 elaborans,
956 2150 1073 2217 corporis

94 2228 166 2280 vires
189 2247 245 2281 non
268 2247 368 2297 magno
390 2236 471 2296 opere
497 2229 627 2282 desidero.
670 2229 776 2281 Adsum
802 2229 913 2280 amicis:
941 2228 1021 2280 venio
1044 2229 1074 2280 in

95 2313 222 2360 senatum
235 2308 372 2376 frequens,
387 2309 517 2376 ultroque
529 2309 612 2360 affero
624 2324 668 2359 res
687 2307 807 2359 multum
820 2311 849 2358 et
862 2307 911 2358 diu
931 2306 1070 2374 cogitatas,

95 2403 196 2453 easque
220 2390 302 2439 tueor
327 2388 420 2453 animi,
445 2404 501 2438 non
524 2386 641 2454 corporis
667 2385 777 2438 viribus
821 2384 888 2448 Quae
915 2385 938 2436 si
961 2386 1074 2452 exsequi

94 2465 247 2532 nequirem,
272 2469 365 2518 tantan
388 2483 432 2517 me
456 2465 573 2517 lectulus
592 2481 669 2516 meus
693 2464 850 2530 oblectaret,
873 2481 904 2516 ea
924 2464 982 2530 ipsa
1002 2464 1072 2530 eogi-

95 2547 209 2609 tantem,
226 2544 359 2611 quaejam
379 2561 456 2610 egere
469 2560 525 2595 non
544 2560 669 2611 possem;
690 2543 737 2595 sed
750 2547 782 2594 ιιι
802 2542 911 2609 possim,
927 2541 992 2594 facit
1012 2546 1074 2595 acta

20 2649 23 2653 ·
95 2622 160 2674 vita.
204 2621 316 2690 Semper
336 2623 410 2674 enim
431 2623 462 2674 in
484 2622 527 2674 his
550 2622 649 2674 studiis
671 2621 863 2688 laboribusque
886 2620 992 2673 viventi
1017 2637 1074 2672 non

95 2700 268 2768 intelligitur,
291 2701 401 2768 quando
421 2701 534 2768 obrepat
554 2709 685 2754 senectus.
730 2700 775 2752 Ita
792 2699 892 2751 sensim
915 2699 972 2750 sine
993 2715 1073 2750 sensu

95 2783 163 2831 setas
184 2779 309 2845 senescit,
335 2796 386 2832 nec
413 2779 504 2831 subito
529 2779 675 2846 frangitur,
701 2778 748 2830 sed
775 2777 958 2833 diuturnitate
985 2777 1073 2828 extin-

94 2859 200 2925 guitur.

135 2935 204 2989 XII.
230 2937 278 2990 39.
305 2936 435 3004 Sequitur
454 2936 536 2988 tertia
556 2935 721 3002 vituperatio
741 2935 897 3001 senectutis,
920 2934 994 3001 quod
1014 2951 1074 2984 eam

96 3032 186 3068 carere
208 3015 304 3067 dicunt
327 3014 522 3082 voluptatibus.
567 3013 591 3066 Ο
614 3013 773 3081 praclarum
800 3029 900 3064 munus
923 3012 1022 3077 aetatis,
1051 3011 1075 3062 si

97 3093 210 3161 quidem
222 3093 252 3145 id
260 3093 368 3145 auferte
375 3092 462 3159 nobis,
473 3092 548 3159 quod
558 3097 599 3144 est
613 3093 643 3144 in
656 3091 837 3145 adolescentia
850 3089 1073 3143 vitiosissimum!

97 3172 220 3238 Accipite
233 3172 315 3238 enim,
331 3172 429 3239 optimi
441 3170 633 3237 adolescentes,
649 3175 769 3226 veterem
782 3170 932 3222 orationem
945 3168 1076 3234 Archytae

98 3251 249 3316 Tarentini,
263 3251 356 3318 magni
374 3251 404 3301 in
423 3249 518 3316 primis
532 3252 560 3300 et
579 3249 701 3316 praeclari
727 3249 786 3314 viri,
810 3265 871 3315 quse
891 3247 960 3298 mihi
972 3245 1076 3298 tradita

97 3335 148 3396 est,
164 3346 252 3396 quum
265 3345 351 3382 essem
364 3328 519 3381 adolescens
532 3327 643 3381 Terenti
655 3345 718 3382 cum
739 3326 770 3389 Q.
788 3327 917 3378 Maximo.
962 3323 1077 3376 Nullam

98 3408 283 3477 capitaliorem
309 3411 423 3474 pestem,
453 3423 536 3474 quam
569 3406 739 3472 voluptatem
765 3403 892 3470 corporis,
920 3402 1077 3455 hominibus

98 3487 207 3540 dicebat
233 3503 251 3538 a
276 3492 376 3539 natura
402 3485 514 3548 datam
547 3484 625 3554 cujus
651 3481 801 3550 voluptatis
827 3481 915 3533 avidae
950 3480 1078 3533 libidines

98 3571 202 3618 temere
228 3569 258 3616 et
284 3565 413 3616 effrenate
439 3563 475 3616 ad
500 3562 666 3630 potiundam
692 3561 879 3613 incitarentur.
934 3561 978 3612 40.
1004 3557 1042 3610 F·

99 3645 196 3713 patriae
209 3643 384 3710 proditiones,
400 3641 465 3694 hine
477 3658 569 3693 renim
581 3641 751 3708 publicarum
764 3638 925 3704 eversiones,
940 3638 998 3689 hinc

100 3723 226 3777 hostibus
246 3721 416 3774 clandestina
436 3719 570 3788 colloquia
592 3719 685 3772 nasci:
714 3718 822 3772 nullum
842 3717 959 3785 denique
