2456 4162
146 265 185 322 92
458 277 494 321 ar.
514 277 623 320 ructu
645 275 812 318 crosaosrs

146 417 283 470 verissime
293 417 411 486 judicari
428 421 528 486 potest,
544 417 621 470 nulla
634 434 663 469 re
675 434 731 469 una
743 415 830 482 magis
843 419 978 466 oratorem
991 432 1135 469 commen·
1216 447 1217 490 ἶ

146 495 205 548 dari
218 513 301 565 qnam
313 497 459 550 verborum
472 497 613 564 splendore
634 500 662 548 et
682 495 765 562 copia
819 493 894 546 Nam
907 510 969 546 cum
983 495 1080 546 tardus
1101 496 1133 546 in
1216 509 1217 524 ¹

146 575 291 642 cogitando
304 579 365 628 tum
378 575 408 628 iu
421 575 551 628 stluendo
564 575 712 642 dissipatus
725 573 786 626 fuit.

186 653 245 708 LX.
269 654 388 722 Reliqua
415 655 471 707 duo
497 658 570 720 sunt,
600 671 679 721 agera
706 656 734 704 et
760 650 933 706 meminisse:
953 649 983 702 in
1010 656 1134 719 utroque

146 733 291 786 cachinnos
303 733 477 786 irridentium
490 733 688 786 commovebat.
728 731 824 783 Motus
837 733 895 782 erat
908 730 940 796 is,
956 743 1039 797 quem
1053 735 1082 782 et
1097 730 1127 782 O.

145 812 239 866 Julius
258 813 288 865 in
308 817 470 880 perpetuum
490 812 607 878 notavit,
623 828 685 864 cum
706 827 740 862 ex
760 827 792 862 eo
813 809 841 860 in
862 815 1008 876 utramque
1022 814 1132 876 partem

145 895 206 943 toto
230 907 339 958 corpore
360 891 505 943 vacillante
526 890 662 958 quaesivit,
679 889 741 957 quis
760 889 919 955 loqueretur
942 906 957 940 e
981 888 1076 954 lintre,
1101 894 1132 940 et

147 969 196 1022 On.
218 968 362 1034 Sicinnius,
384 969 466 1021 homo
486 969 618 1036 impurus,
640 968 686 1020 sed
707 968 855 1024 admodum
874 966 1015 1032 ridiculus,
1038 985 1132 1036 neque

146 1047 221 1099 alind
230 1047 260 1098 in
268 1063 300 1098 eo
310 1047 424 1098 oratoris
434 1046 521 1099 simile
531 1047 684 1114 quicquam.
711 1044 774 1103 217.
793 1045 821 1096 Is
832 1061 894 1097 cum
902 1045 1030 1096 tribunus
1041 1046 1131 1113 plebis

147 1125 292 1177 (hnionem
316 1129 344 1176 et
366 1124 511 1178 Octavium
531 1125 654 1178 consules
673 1125 856 1193 produxisset,
880 1123 1016 1192 Curioque
1038 1125 1130 1176 multa

66 1201 72 1214 ⁸
146 1204 260 1256 dixisset
281 1203 393 1256 sedente
407 1203 454 1256 On.
473 1203 586 1256 Octavio
600 1203 711 1270 collega,
727 1203 775 1270 qui
795 1203 939 1256 devinctus
957 1207 1015 1254 crat
1036 1203 1130 1254 fasciis

146 1288 175 1334 et
200 1283 296 1335 multis
322 1282 527 1334 medicamentis
553 1285 664 1350 propter
690 1281 812 1334 dolorem
838 1284 948 1332 artuum
975 1281 1127 1347 delibutus,

149 1361 333 1428 ‘Nunquam‚'
349 1362 449 1429 inquit,
468 1361 592 1427 ‘Octavi
612 1361 721 1426 collegae
735 1364 784 1412 tuo
804 1359 919 1427 gratiam
939 1359 1056 1413 referes:
1078 1362 1130 1428 qui

145 1439 199 1492 nisi
213 1458 241 1492 se
254 1457 304 1493 suo
317 1457 392 1493 more
409 1440 579 1508 jactavisset,
594 1431 675 1491 hodie
689 1443 717 1490 te
735 1438 797 1490 istic
812 1455 912 1490 muscae
925 1439 1129 1492 comedissent!

146 1519 279 1572 Memoria
301 1524 395 1571 autem
417 1519 458 1572 ita
481 1519 535 1571 fuit
558 1518 644 1584 nulla,
667 1525 700 1570 ut
726 1517 871 1584 aliquoties
896 1517 949 1569 tria
976 1534 1038 1568 cum
1065 1535 1128 1584 pro-

145 1598 289 1665 posuisset,
305 1603 354 1650 aut
368 1603 498 1665 quartum
511 1597 632 1662 adderet,
649 1601 698 1648 aut
718 1597 832 1650 tertium
852 1600 1007 1662 quaereret:
1028 1597 1077 1664 qui
1098 1597 1129 1648 in

142 1677 248 1744 judicio
267 1677 374 1744 privato
395 1677 439 1728 vel
458 1676 586 1742 maximo,
602 1692 664 1726 cum
678 1691 727 1742 ego
741 1692 790 1742 pro
803 1674 904 1726 Titinia
917 1672 1007 1728 Oottae
1020 1692 1129 1742 perora·
1216 1721 1217 1740 ,

146 1755 255 1822 vissem3
277 1755 323 1807 ille
347 1759 443 1808 contra
465 1772 509 1806 me
528 1771 578 1822 pro
598 1753 653 1806 Ser.
682 1753 780 1806 Naevio
800 1753 910 1818 diceret,
926 1753 1017 1805 subito
1037 1758 1129 1806 totam
1216 1807 1217 1810 ,

146 1851 254 1887 eausam
280 1833 382 1886 oblitus
409 1838 460 1900 est,
488 1833 572 1901 idque
601 1825 735 1884 veneficiis
762 1836 790 1884 et
817 1831 989 1884 cantionibus
1016 1833 1128 1886 Titiniae

145 1913 250 1966 factum
263 1912 444 1967 essedicebat.
480 1914 545 1965 218.
560 1911 662 1978 Magna
672 1910 731 1964 haec
741 1910 906 1962 immemoris
915 1910 1018 1978 ingenii
1028 1913 1128 1978 signat
1216 1975 1217 1980 ,

146 1993 193 2044 sed
213 1992 282 2044 nihil
301 1991 418 2060 turpius,
434 2009 515 2059 quam
537 1990 611 2059 quod
631 1991 715 2042 etiam
733 1989 763 2041 in
784 1989 891 2056 scriptis
910 1989 1124 2053 oblivisceretur,

141 2070 214 2138 ¹quid
226 2071 308 2138 paulo
322 2075 386 2124 ante
404 2070 539 2138 posuisset
551 2088 566 2124 ι.
578 2073 611 2122 ut
631 2069 661 2122 in
681 2085 713 2121 eo
732 2069 811 2134 libro,
827 2068 876 2120 uhi
895 2085 924 2120 se
944 2073 1091 2121 exeuntem
1112 2089 1127 2121 e
1216 2081 1217 2132 ξ

146 2153 252 2216 senatu,
268 2153 296 2202 et
310 2167 372 2202 oum
386 2150 477 2202 Pansa
489 2152 582 2202 nostro
596 2153 625 2201 et
638 2165 701 2202 cum
714 2147 831 2200 Curione
847 2147 904 2200 filio
924 2147 1127 2214 colloquentem
1216 2133 1217 2186 Ῐ

144 2227 219 2294 facit,
237 2227 378 2294 omnisque
391 2228 438 2280 illo
451 2245 538 2280 sermo
552 2227 652 2280 ductus
665 2231 706 2280 est
724 2245 739 2279 e
759 2225 964 2294 percontatione
984 2226 1042 2292 filii,
1059 2228 1128 2294 quid
1216 2219 1217 2232 ¹

145 2306 175 2358 in
196 2311 294 2359 senatu
317 2310 388 2358 esset
410 2311 509 2360 actum.
547 2305 582 2358 In
596 2323 651 2374 quo
664 2306 759 2358 multis
772 2305 862 2359 verbis
875 2322 938 2358 cum
950 2305 1129 2358 inveheretur

145 2385 175 2437 in
197 2385 329 2438 Oaesarem
351 2384 442 2450 Curio,
458 2384 662 2452 disputatioque
685 2389 757 2438 esset
779 2385 852 2436 inter
871 2401 925 2450 eos,
948 2389 980 2436 ut
1002 2390 1044 2436 est
1065 2403 1127 2438 con-

146 2463 263 2516 suetudo
276 2463 453 2530 dialogorum,
468 2479 532 2514 oum
549 2480 637 2516 sermo
656 2467 727 2516 esset
746 2463 899 2529 institutus,
915 2467 1011 2515 senatu
1032 2465 1125 2530 misso,

146 2559 229 2610 quem
252 2553 377 2594 senatum
399 2541 489 2594 caesar
512 2541 607 2594 consul
629 2541 777 2608 habuisset,
802 2542 978 2610 reprehendit
1000 2559 1046 2594 eas
1072 2560 1125 2608 res,

147 2638 215 2688 quas
228 2621 302 2673 idem
316 2620 405 2672 Caesar
417 2637 491 2673 anno
504 2625 566 2689 post
579 2624 608 2672 et
621 2620 748 2689 deinceps
767 2621 879 2690 reliquis
899 2621 978 2673 annis
997 2620 1127 2674 adminis-
1216 2633 1217 2636 ’

147 2699 274 2752 travisset
287 2699 317 2752 in
331 2698 428 2752 Gallia

186 2777 261 2832 LXI.
307 2780 371 2831 219.
415 2777 487 2830 Tum
527 2769 631 2830 Brutus
670 2778 816 2846 admirans,
852 2779 1004 2831 Tantamne
1042 2779 1127 2832 fuisse

147 2857 321 2924 oblivionem,
336 2857 437 2924 inquit,
453 2857 483 2909 in
502 2857 603 2924 scripto
622 2857 781 2925 praesertim,
796 2861 830 2910 ut
849 2874 884 2910 ne
903 2857 996 2924 legens
1014 2857 1127 2926 quidem

147 2952 270 3002 unquam
283 2937 406 3003 senserit,
422 2939 557 3004 quantum
570 2935 666 3004 flagitii
686 2935 884 2988 commisissetl
924 2934 1006 3002 Quid,
1022 2941 1125 3001 autem,

146 3015 269 3084 inquam,
295 3014 389 3081 Brute,
411 3013 524 3066 stultius
545 3031 635 3082 quam,
659 3015 682 3067 si
704 3031 735 3067 ea
755 3015 911 3082 vituperare
932 3014 1042 3070 volebat
1065 3032 1127 3082 quae

147 3093 324 3160 vituperavit,
339 3110 396 3146 non
416 3109 449 3145 eo
469 3096 591 3160 tempere
607 3093 751 3146 instituere
765 3110 925 3161 sermonem,
941 3110 1005 3146 oum
1018 3093 1128 3146 illarum

40 3207 42 3210 -
147 3189 239 3226 rerum
255 3171 314 3239 jam
333 3175 458 3239 tempora
476 3171 679 3238 praeterissent?
718 3171 772 3226 Sed
792 3173 832 3226 ita
851 3176 927 3228 totus
947 3177 1028 3240 errat,
1044 3177 1078 3226 ut
1097 3171 1127 3226 in

148 3251 244 3304 eodem
272 3267 394 3302 sermone
421 3250 504 3316 dicat,
533 3249 562 3302 in
590 3254 714 3306 senatum
742 3269 770 3306 se
797 3252 901 3308 (lassare
927 3253 1038 3308 consule
1071 3270 1128 3306 non

147 3330 283 3396 accedere,
299 3329 347 3382 sed
359 3329 388 3382 id
402 3329 476 3382 dicat
488 3329 548 3398 ipso
568 3331 678 3384 consule
698 3333 791 3384 exiens
811 3349 826 3384 e
846 3337 950 3385 senatu
994 3331 1060 3384 Jam
1080 3333 1129 3398 qui

147 3409 199 3462 hac
211 3414 290 3478 parte
303 3409 396 3476 animi,
412 3425 475 3477 quae
488 3413 580 3461 eustos
593 3413 635 3461 est
649 3413 799 3461 ceterarum
812 3409 914 3475 ingenii
926 3409 1055 3476 partium,
1071 3413 1128 3460 tarn

148 3489 246 3541 debilis
259 3493 341 3555 esset,
356 3492 389 3539 ut
409 3504 444 3538 ne
464 3485 615 3552 inscripto
635 3485 747 3552 quidem
766 3486 941 3553 meminisset,
958 3487 1026 3554 quid
1046 3487 1129 3553 paulo

148 3572 213 3620 ante
239 3567 383 3634 posuisset,
411 3563 476 3616 huic
502 3563 615 3614 minime
640 3563 740 3615 mirum
768 3567 864 3616 estex
884 3569 1006 3632 tempore
1026 3564 1129 3618 dicenti

155 3645 257 3696 solitam
281 3645 389 3696 effluere
412 3646 540 3694 mentem.
587 3643 662 3696 220:
675 3641 775 3708 Itaque
798 3659 860 3696 cum
883 3642 909 3694 ei
934 3660 985 3696 nec
1011 3644 1129 3696 officium

171 3727 263 3789 eesset,
283 3727 312 3774 et
335 3722 461 3794 flagraret
484 3719 576 3773 studio
597 3719 716 3786 dicendi,
735 3735 875 3788 perpaucae
899 3720 935 3772 ad
958 3738 1021 3772 eum
1042 3737 1130 3774 causae
