2436 4164
525 257 658 300 neurus.
1049 248 1086 302 65

102 415 166 450 nam
180 397 232 450 hoc
244 400 360 465 praetore
372 397 453 449 ludos
466 397 589 464 Apollini
601 397 726 464 faciente,
738 415 800 450 cum
814 397 952 466 Thyesten
965 399 1086 452 fabulam

102 477 247 544 docuisset,
274 476 304 540 Q.
330 476 443 543 Marcio,
468 477 516 530 On.
545 476 659 530 Servilio
687 477 844 530 consulibus
871 482 988 530 mortem
1016 480 1085 531 obiit

101 556 214 610 Ennius
260 555 276 613 'a'
281 558 305 609 9.
330 556 397 608 Erat
411 556 507 608 iisdem
521 557 698 624 temporibus
710 556 749 610 Ti.
767 556 906 609 Gracchus
927 557 957 611 P.
976 559 1020 624 F,
1037 561 1085 626 qui

101 636 144 688 bis
157 636 252 688 consul
265 644 294 687 11
308 652 402 687 censor
415 635 479 702 fuit,
496 636 574 703 cujus
588 640 629 688 est
644 635 730 689 oratio
745 635 840 688 Graeca
854 636 927 704 apud
941 637 1064 690 Rhodios
1078 659 1084 702 ;

101 731 184 782 quem
198 716 284 767 civem
299 731 361 766 eum
375 731 485 782 gravem
505 720 566 767 tum
580 716 664 768 etiam
677 715 853 782 eloquentem
867 719 975 768 constat
988 717 1078 770 fuisse.

100 793 132 846 P.
151 795 233 846 etiam
247 793 400 862 Scipionem
416 793 552 861 Nasicam,
569 795 618 862 qui
635 799 677 847 est
691 795 837 846 Corculum
858 796 1019 863 appellatus,
1036 798 1084 864 qui

99 873 168 924 item
182 873 224 926 bis
238 873 332 926 consul
345 877 373 924 11
388 890 482 925 censor
495 873 559 939 fuit,
575 874 700 926 habitum
714 874 890 941 eloquentem
904 875 991 942 aiunt,
1008 875 1083 928 illius

100 953 150 1019 qui
163 970 238 1005 sacra
251 953 383 1020 acceperit
397 953 484 1004 filiurn
499 972 506 1016 ;
526 953 623 1004 dicunt
637 953 720 1004 etiam
734 952 763 1007 L.
782 953 941 1021 Lentulum,
958 955 1006 1022 qui
1020 972 1083 1008 cum

99 1031 129 1084 Ο.
147 1032 245 1098 Figulo
268 1032 364 1084 consul
386 1031 447 1085 fuit
492 1031 522 1095 Q.
541 1031 710 1084 Nobiliorem
723 1032 761 1085 M
779 1032 809 1086 F.
831 1033 890 1100 jam
903 1034 992 1101 patrio
1005 1035 1082 1088 insti-

97 1114 163 1163 tuto
186 1111 311 1163 deditum
338 1111 430 1162 studio
456 1111 711 1179 litterarum,—qui
731 1113 814 1164 etiam
837 1112 867 1176 Q.
886 1113 1015 1180 Ennium,
1034 1116 1082 1182 qui

98 1206 163 1242 cum
185 1194 262 1258 patre
286 1191 346 1258 ejus
367 1189 396 1241 in
415 1189 520 1242 AEtolia
546 1191 720 1258 militaverat,
745 1191 857 1244 civitate
880 1192 1003 1260 donavit,
1019 1211 1082 1246 cum

97 1263 228 1322 triumvir
254 1269 388 1322 coloniam
409 1269 636 1322 deduxisset—et
658 1269 690 1323 Τ.
709 1270 833 1322 Annium
853 1271 981 1338 Luscum,
998 1273 1081 1341 hujus

98 1349 132 1411 Q.
150 1349 243 1402 Fulvii
263 1349 402 1416 collegam,
424 1365 480 1400 non
499 1348 663 1401 indisertum
681 1350 778 1402 dicunt
798 1350 903 1414 fuisse;
925 1353 970 1404 80.
996 1357 1078 1420 atque

96 1428 182 1480 etiam
196 1429 225 1482 1.
244 1429 357 1494 Paulus,
373 1427 496 1480 Africani
515 1432 600 1496 pater,
618 1446 760 1495 personam
774 1429 901 1496 principis
922 1429 988 1482 civis
1001 1432 1080 1484 facile

96 1507 214 1560 dicendo
234 1508 371 1560 tuebatur.
416 1504 454 1559 Et
467 1524 532 1560 vero
552 1507 636 1560 eliam
650 1513 711 1560 tum
725 1508 828 1560 (latone
843 1509 912 1574 vivo,
928 1509 975 1576 qui
994 1527 1080 1562 annos

96 1587 221 1654 quinque
235 1591 263 1639 et
277 1588 416 1654 octoginta
435 1592 518 1639 natus
532 1588 647 1638 excessit
661 1604 675 1638 1
690 1587 755 1654 vita,
772 1605 834 1639 curn
849 1588 960 1655 quidem
974 1607 1006 1641 eo
1020 1590 1079 1657 ipso

96 1683 171 1718 anno
199 1671 293 1720 contra
320 1667 375 1719 Ser.
405 1665 520 1718 Galbam
547 1667 582 1718 ad
610 1667 742 1734 populu'm
771 1684 877 1718 summa
904 1669 1079 1722 contentione

94 1745 220 1814 dixisset,
243 1763 327 1814 quam
354 1745 437 1798 etiam
460 1746 611 1798 orationem
634 1745 762 1813 scriptam
784 1747 994 1814 reliquit—sed
1017 1750 1079 1802 vivo

96 1825 202 1878 Catone
216 1827 334 1892 minores
347 1833 416 1878 natu
429 1825 511 1878 multi
524 1841 581 1878 uno
594 1829 716 1892 tempore
730 1830 851 1878 oratores
864 1827 1023 1880 floruerunt.

137 1904 219 1959 XXI.
254 1907 300 1958 81.
325 1905 399 1957 Nam
421 1908 450 1956 et
470 1906 502 1956 A.
521 1904 687 1970 Albinus,is
711 1905 759 1972 qui
779 1905 873 1958 Graece
897 1906 1003 1974 scripsit
1024 1907 1078 1959 his·

93 1985 204 2052 teriam,
222 1985 270 2053 qui
284 1984 379 2036 consul
392 2000 455 2036 cum
469 1983 497 2036 L.
514 1983 630 2035 Lucullo
643 1984 707 2050 fuit,
723 1989 751 2035 ot
764 1983 904 2036 litteratus
917 1989 946 2036 et
959 1985 1077 2038 disertus

93 2064 170 2128 fuit3
191 2068 219 2116 et
238 2064 329 2116 tenuit
343 2080 406 2115 eum
419 2063 470 2115 hoc
483 2064 573 2114 locum
588 2063 724 2130 quendam
737 2063 820 2114 etism
841 2063 896 2116 Ser.
914 2063 1029 2116 Fulvius
1050 2071 1078 2117 11

93 2160 151 2195 una
174 2142 229 2198 Ser.
248 2143 349 2195 Fabius
370 2143 471 2208 Pictor,
487 2148 516 2194 et
534 2143 546 2209 j
584 2141 589 2152 '
626 2147 654 2193 11
675 2141 829 2193 litterarum
853 2147 882 2194 et
904 2143 1078 2210 antiquitatis

93 2223 164 2274 bene
186 2222 311 2290 peritus3
332 2220 507 2288 Quintusque
528 2220 629 2273 Fabius
649 2220 739 2272 Iabeo
763 2221 817 2272 fuit
841 2225 953 2274 ornatus
975 2223 1076 2274 eisdem

92 2302 151 2354 fere
174 2301 310 2354 laudibus.
354 2301 429 2354 Nam
451 2299 482 2363 Q.
501 2300 680 2367 Metellus‚is
700 2299 779 2368 eujus
798 2305 931 2368 quattuor
944 2301 994 2353 lilii
1014 2319 1077 2354 oon·

92 2380 197 2432 sulares
210 2381 333 2446 fuerunt,
348 2381 376 2432 in
391 2380 485 2448 primis
498 2383 540 2431 est
553 2379 663 2431 habitus
677 2379 816 2446 eloquens,
829 2380 878 2448 qui
890 2397 939 2448 pro
953 2379 983 2434 L.
997 2381 1078 2434 Cotta

92 2459 166 2511 dixit
179 2464 324 2512 accusante
337 2458 466 2512 Africano
477 2479 485 2523 ;
505 2458 584 2526 cujus
598 2462 626 2510 et
639 2458 700 2510 aliae
713 2462 779 2510 sunt
792 2458 928 2511 orationes
941 2463 969 2512 et
983 2466 1078 2512 contra

91 2537 132 2592 'Fi
151 2538 305 2591 Gracchum
325 2539 450 2606 exposita
469 2541 511 2590 est
530 2538 560 2590 in
574 2537 602 2590 0.
621 2537 720 2589 Fannii
740 2538 892 2590 annalibus.
937 2540 982 2591 82.
1007 2539 1077 2592 Tum

91 2617 150 2684 ipse
165 2617 195 2670 L.
213 2617 295 2670 (totta
308 2621 446 2669 veterator
459 2617 569 2669 habitus
584 2635 590 2680 ;
611 2617 659 2668 sed
674 2615 702 2668 (l.
720 2615 820 2668 Ieelius
840 2623 869 2668 et
883 2617 921 2670 P..
931 2617 1076 2670 Africanus

91 2697 121 2748 in
146 2697 242 2764 primis
269 2697 437 2764 eloquentes,
462 2712 580 2764 quorum
606 2699 717 2747 exstant
744 2695 889 2762 orationes,
916 2713 951 2747 ex
975 2697 1075 2764 quibus

91 2775 244 2828 existimari
263 2776 298 2828 de
318 2773 435 2843 ingeniis
456 2779 596 2827 oratorum
616 2779 714 2842 potest.
759 2773 813 2826 Sed
833 2774 906 2826 inter
923 2774 972 2826 hos
994 2781 1076 2828 aetate

90 2855 207 2921 paulum
221 2855 259 2907 eis
280 2853 445 2906 antecedens
466 2854 524 2906 sine
537 2853 720 2905 controversia
735 2851 789 2906 Ser.
808 2852 896 2905 Galba
920 2854 1076 2920 eloquentia

91 2933 242 3000 praestitit3
270 2938 298 2986 et
324 2933 455 2985 nimirum
482 2933 505 2984 is
531 2932 656 3000 princeps
683 2949 718 2984 ex
739 2931 845 2984 Latinis
868 2933 916 2985 illa
936 2937 1075 2986 oratorum

90 3013 202 3080 propria
215 3017 244 3064 et
257 3013 336 3082 quasi
348 3012 471 3080 legitima
484 3028 565 3080 opera
578 3011 716 3076 tractavit,
732 3013 765 3062 ut
787 3012 960 3078 egrederetur
979 3029 996 3064 a
1015 3031 1075 3080 pro·

90 3092 182 3158 posito
206 3092 326 3144 ornandi·
343 3108 430 3157 causa
447 3096 480 3142 ut
502 3091 649 3142 delectaret
670 3091 786 3156 animos,
801 3095 834 3142 ut
847 3097 1025 3159 permoveret,
1041 3097 1074 3144 ut

90 3175 204 3238 augeret
223 3189 290 3238 rem,
306 3175 340 3222 ut
352 3169 581 3236 miserationibus,
598 3174 630 3221 ut
644 3170 833 3222 communibus
853 3170 919 3222 loeis
938 3173 1069 3223 uteretur.

90 3248 144 3302 Sed
168 3250 335 3318 nescioquo
355 3249 437 3302 modo
450 3249 543 3316 hujus,
561 3265 644 3316 quem
664 3253 771 3300 constat
792 3248 948 3316 eloquentia
970 3249 1075 3315 praesti·

89 3329 165 3395 tisse‚
181 3329 308 3382 exiliores
330 3329 466 3381 orationes
486 3331 551 3380 sunt
565 3332 593 3380 11
606 3327 760 3379 redolentes
780 3328 865 3394 magis
879 3326 1073 3393 antiquitatem

90 3425 175 3474 quam
188 3413 239 3462 aut
252 3408 331 3460 Laelii
354 3411 403 3459 aut
417 3406 551 3474 Scipionis
571 3414 620 3459 aut
640 3407 723 3458 etiam
744 3405 829 3472 ipsius
843 3405 963 3472 Catonis,
980 3405 1073 3474 itaque

89 3491 271 3554 evanuerunt,
286 3488 335 3539 vix
346 3486 405 3554 jam
418 3490 451 3538 ut
464 3491 619 3554 appareant.

130 3569 176 3620 83.
209 3567 252 3619 De
273 3567 359 3634 ipsius
380 3565 458 3617 Laelii
481 3569 510 3617 et
526 3564 659 3632 Scipionis
679 3563 787 3630 ingenio
801 3580 960 3632 quanquam
981 3581 1013 3617 ea
1032 3582 1056 3617 er

89 3646 163 3698 fama
184 3651 217 3698 ut
238 3645 388 3714 plurimum
409 3644 547 3696 tribuatur
560 3644 700 3706 ambobus,
717 3642 827 3694 dicendi
843 3647 937 3696 tamen
954 3644 1014 3697 laus
1032 3661 1047 3697 e

88 3726 118 3778 in
127 3724 212 3780 Laelio
225 3724 364 3778 illustrior.
394 3725 435 3776 At
447 3723 534 3776 oratio
548 3722 626 3776 Laelii
639 3723 673 3774 de
687 3722 805 3790 collegiis
814 3740 874 3776 ,non
885 3722 1044 3792 meliorque
