2436 4164
126 283 164 340 82
437 297 472 338 ir.
493 297 603 338 runnu
624 295 792 340 6161166616

125 437 289 492 industriam
302 437 331 490 16
342 455 374 491 66
385 455 518 490 summam
527 437 611 490 fuisse
625 455 799 506 summasque
807 437 932 504 virtutes,
945 438 1112 506 eloquentiae

126 521 245 582 tantum,
261 517 335 585 quod
349 521 420 569 66666
439 517 469 568 111
482 517 563 569 rebus
582 517 696 584 privatis
709 517 803 570 amicis
823 517 891 584 ejus,
907 517 936 569 in
956 535 986 569 re
999 517 1111 584 publica

126 596 211 664 ipsius
229 595 358 663 dignitati
377 595 453 648 satis.
496 597 560 648 166.
585 595 689 647 Eodem
707 599 830 662 tempore
850 595 889 648 M
908 595 1066 648 Herennius
1078 595 1110 646 in
1215 657 1216 662 ¹

126 674 307 727 mediocribus
320 674 482 740 oratoribus,
498 673 596 726 Latine
609 678 638 726 et
651 673 795 741 diligenter
813 673 997 740 loquentibus,
1012 691 1109 726 nume-

126 758 203 806 ratus
221 757 281 816 est;
302 753 351 820 qui
370 755 462 804 61611611
482 768 589 804 summa
608 751 751 804 nobilitate
771 752 918 818 hominem,
935 753 1105 819 cognatione,

127 831 280 897 sodalitate,
295 830 418 898 collegio,
434 847 541 882 summa
560 831 644 882 ctiam
664 830 829 898 eloquentia,
845 829 874 882 L
892 829 1061 898 Philippum,
1076 831 1108 882 in

127 910 284 963 consulatus
310 909 442 977 petitione
471 909 617 976 superarit.
676 907 740 965 167.
778 909 884 961 Eodem
916 913 1039 976 tempore
1074 909 1126 962 uu

128 988 267 1052 Claudius,
304 987 356 1040 etsi
382 991 493 1054 propter
529 1004 663 1040 summam
689 986 861 1040 nobilitatem
888 991 916 1038 et
942 987 1108 1054 singularem

126 1067 278 1135 potentiam
304 1083 418 1132 magnus
444 1069 512 1132 erat,
537 1070 630 1118 tamen
657 1066 740 1118 etiam
771 1065 935 1133 eloquentiae
968 1065 1109 1133 quandam

127 1143 342 1198 mediocritatem
362 1145 498 1197 efferebat.
551 1143 682 1211 Ejusdem
705 1145 762 1196 fere
789 1144 919 1212 temporis
942 1145 997 1196 luit
1023 1161 1108 1211 eques

126 1223 269 1276 1661116666
283 1223 310 1276 0.
329 1223 426 1288 litias,
442 1223 491 1290 qui
508 1239 568 1274 meo
585 1222 690 1290 judicio
704 1239 736 1274 eo
750 1223 903 1290 pervenisse
917 1222 1035 1289 videtur,
1052 1239 1109 1290 quo

126 1301 219 1370 potuit
231 1302 288 1353 fere
302 1301 417 1354 Latinus
430 1305 521 1354 orator
534 1301 592 1353 sine
606 1300 708 1354 Graecis
728 1301 826 1353 litteris
840 1306 869 1354 et
882 1301 939 1353 siue
952 1301 1041 1353 multo
1055 1317 1109 1352 666

126 1380 274 1448 pervenire.
318 1379 412 1448 Hujus
425 1380 560 1432 orationes
573 1383 683 1432 tantum
703 1381 879 1446 argutiarum,
895 1383 1005 1432 tantum
1017 1396 1109 1431 exem·

126 1459 243 1526 plorum,
258 1462 369 1512 tantum
382 1459 544 1512 urbanitatis
557 1459 669 1524 habent,
679 1463 712 1510 66
724 1475 802 1526 paene
816 1459 910 1511 Attico
923 1459 987 1510 stilo
1000 1458 1110 1525 scriptae
1215 1503 1216 1512 ,

127 1555 185 1590 esse
208 1539 361 1592 videantur.
404 1537 521 1590 Easdem
542 1537 662 1604 argutias
684 1538 714 1589 16
738 1537 885 1604 tragoedias
908 1537 973 1590 66616
996 1537 1111 1604 quidem

127 1617 173 1669 ille
187 1621 274 1682 acute,
291 1617 339 1668 sed
352 1633 449 1684 parum
458 1615 558 1683 tragice
572 1615 721 1670 transtulit.
767 1616 855 1679 Quem
865 1615 993 1668 studebat
1006 1616 1110 1668 imitari

128 1696 158 1748 L.
172 1695 302 1746 Afranius
315 1697 404 1762 poeta,
416 1694 498 1746 homo
511 1698 681 1761 perargutus,
693 1694 723 1746 in
733 1695 833 1747 fabulis
846 1693 957 1762 quidem
970 1689 1064 1761 etiam,
1076 1699 1111 1746 66

128 1773 212 1839 661616,
238 1773 363 1826 disertus.
410 1775 474 1825 168.
498 1772 564 1824 Fuit
592 1773 675 1824 etiam
698 1771 730 1836 Q.
758 1772 880 1825 Rubrius
902 1771 999 1839 Varro,
1025 1773 1075 1840 qui
1095 1791 1113 1826 a

129 1855 226 1904 senatu
249 1851 335 1904 hostis
356 1867 420 1903 oum
443 1851 471 1904 0.
498 1850 586 1902 Mario
607 1850 747 1918 judicatus
765 1856 815 1918 est,
836 1869 897 1904 acer
916 1855 944 1904 et
964 1851 1113 1904 vehemens

129 1933 277 1996 accusator,
293 1929 323 1982 in
341 1946 379 2004 eo,
392 1947 490 1998 genere
504 1946 568 1982 eane
580 1929 732 1996 probabilis.
777 1930 882 1982 Doctus
901 1934 995 1983 6666111
1008 1929 1114 1984 Graecis

128 2009 229 2062 litteris
249 2008 418 2076 propinquus
437 2011 539 2074 noster,
561 2008 650 2060 factus
669 2009 705 2060 ad
725 2009 880 2075 dicendum,
898 2008 937 2062 M
956 2009 1109 2074 Gratidius,

129 2087 169 2142 M.
186 2087 303 2140 Antonii
322 2087 519 2156 perfamiliaris,
536 2087 614 2154 cujus
629 2087 775 2154 praefectus
787 2103 851 2139 cum
866 2091 937 2154 esset
956 2087 986 2140 in
1005 2087 1111 2153 Cilicia,

129 2169 172 2218 666
194 2166 374 2231 interfectum
393 2167 417 2219 is
439 2166 488 2234 qui
511 2166 647 2218 accusavit
660 2166 689 2219 0.
707 2165 866 2232 Fimbriam,
888 2166 928 2219 M.
946 2165 1030 2218 Marii
1044 2166 1113 2218 Gra-

128 2241 228 2297 tidiani
240 2249 340 2314 pater„
375 2241 397 2260 “’

38 2371 41 2375 ,
169 2323 273 2376 XLVI.
320 2326 384 2376 169.
408 2325 502 2392 Atque
524 2323 606 2374 etiam
624 2323 698 2390 apud
719 2323 804 2376 socios
817 2327 846 2376 et
859 2322 972 2378 Latinos
992 2327 1114 2376 oratores

129 2401 220 2454 habiti
238 2405 304 2454 sunt
325 2401 356 2465 Q.
374 2401 487 2454 Vettius
500 2401 648 2454 Vettianus
666 2419 681 2452 e
695 2401 802 2468 Marsis,
820 2418 901 2468 quem
914 2401 971 2468 ipse
985 2402 1112 2469 cognovi,

130 2479 252 2548 prudens
264 2480 307 2532 vir
320 2485 348 2532 66
361 2480 391 2532 in
411 2480 526 2532 dicendo
539 2479 628 2532 brevis
643 2498 649 2532 :
670 2480 713 2545 Q.,
730 2479 764 2534 D.
783 2480 888 2532 Valerii
901 2479 1007 2546 Sorani,
1027 2481 1113 2532 vicini

130 2563 159 2610 66
172 2558 319 2610 familiares
332 2559 395 2624 mei,
410 2575 467 2610 non
486 2562 545 2610 tam
558 2559 587 2609 in
607 2557 723 2610 dicendo
742 2558 924 2624 admirabiles,
940 2575 1023 2626 quam
1036 2559 1114 2612 docti

131 2641 159 2690 66
181 2636 284 2690 Graecis
305 2637 404 2688 litteris
426 2640 454 2688 et
475 2636 602 2700 Latinis3
622 2635 650 2689 O.
676 2637 844 2689 Rusticelius
868 2637 1057 2704 Bononiensis,
1087 2639 1113 2690 is

73 2739 75 2742 ·
131 2715 243 2783 quidem
270 2719 299 2768 66
325 2715 490 2767 exercitatus
517 2718 545 2766 et
571 2719 670 2766 natura
696 2715 844 2787 volubilis;
868 2715 991 2767 omnium
1018 2719 1114 2768 6666111

131 2793 367 2860 eloquentissimus
380 2797 458 2845 extra
468 2793 538 2844 hanc
548 2793 643 2844 urbem
653 2793 681 2845 Τ.
697 2793 826 2844 Β6666166
835 2793 937 2844 Β61166
947 2794 1113 2860 Asculanos,

131 2871 210 2938 cujus
223 2876 288 2922 sunt
307 2872 413 2939 aliquot
433 2871 569 2924 orationes
582 2871 677 2922 Asculi
695 2871 818 2934 habitae;
838 2870 886 2923 illa
906 2870 1003 2924 Romae
1017 2875 1116 2924 eontra

131 2948 286 3014 Caepionem
308 2949 408 3001 nobilis
431 2966 505 3016 sane,
529 2949 573 3001 cui
599 2949 715 3001 orationi
743 2948 877 3016 Caepionis
900 2965 947 3001 ore
969 2950 1115 3016 respondit

131 3026 231 3091 AElius,
249 3026 298 3093 qui
315 3026 480 3093 scriptitavit
500 3027 635 3078 orationes
654 3027 765 3094 multas,
787 3031 877 3080 orator
897 3026 956 3094 ipse
969 3043 1115 3094 nunquam

131 3104 192 3158 fuit
239 3102 303 3160 170.
327 3103 411 3171 Apud
428 3104 544 3171 majores
565 3109 657 3156 autem
669 3110 777 3158 nostros
797 3105 877 3158 video
900 3105 1115 3161 disertissimum

131 3183 258 3236 habitum
277 3199 312 3236 ex
325 3181 405 3236 latio
424 3181 453 3236 li
474 3181 615 3250 Papirium
628 3183 827 3250 Fregellanum,
843 3184 882 3237 ui.
901 3183 1018 3236 Gracchi
1030 3183 1062 3238 P.
1076 3183 1109 3238 F.

131 3262 188 3314 fere
206 3265 307 3325 aetate;
327 3261 386 3329 ejus
407 3261 491 3314 etiam
514 3259 601 3312 oratio
624 3265 666 3312 est
688 3279 737 3329 pro
758 3262 925 3329 Fregellanis
944 3262 1115 3330 coloniisque

131 3340 238 3392 Latinis
250 3340 345 3392 habita
357 3341 387 3392 in
400 3343 505 3392 senatu.

172 3419 243 3496 'Iipm
264 3419 377 3486 Brutus,
399 3417 473 3482 Quid
495 3421 529 3470 66
551 3417 645 3484 igitur,
667 3417 767 3485 inquit,
786 3419 885 3471 tribuis
906 3418 966 3471 istis
989 3422 1115 3474 externis

132 3497 211 3564 quasi
235 3497 409 3550 oratoribus?
459 3496 533 3561 Quid
563 3512 664 3562 censes,
696 3495 815 3563 inquam,
849 3497 902 3550 11161
928 3497 1002 3550 idem
1036 3501 1115 3564 quod

154 3574 250 3640 rbanis,
274 3579 373 3642 prater
385 3593 481 3642 unum,
498 3573 572 3642 quod
592 3578 703 3626 nonest
717 3590 810 3626 eorum
822 3575 977 3628 urbanitate
991 3576 1116 3643 quadam

174 3651 210 3704 tsi
236 3654 355 3706 colorata
387 3654 495 3707 oratio?
544 3651 609 3709 171.
639 3649 676 3704 Ε6
705 3651 816 3717 Brutus,
845 3652 901 3714 Qui
927 3658 977 3719 est,
1007 3655 1113 3724 inquit,

220 3731 333 3784 tandem
361 3732 525 3785 urbanitatis
549 3729 642 3782 colori
688 3729 795 3796 Nescio,
833 3729 946 3796 inquam
957 3750 965 3794 ;
1000 3736 1116 3786 tantum
1215 3725 1216 3768 ἐ
