2436 4164
123 301 162 356 50
364 313 400 354 u.
420 295 530 352 run'nu
552 309 720 352 crcunorus
742 309 873 350 usurus.

122 454 191 506 mihi
212 453 246 505 dc
267 453 419 520 republica
442 468 597 517 censemus,
613 451 642 502 in
666 450 717 502 hac
740 465 831 501 rerum
854 449 1022 516 privatarum
1046 466 1110 502 oon·

122 533 223 598 silium,
245 533 275 584 in
295 532 390 584 eadem
411 531 518 598 requies
538 530 619 597 plena
639 528 828 581 oblectationis
848 528 909 580 fuit.
955 527 1109 596 Nunquam

121 612 201 664 illum
222 629 257 664 ne
280 611 394 663 minima
418 609 529 678 quidem
551 626 581 660 re
604 608 716 674 offendi,
732 607 807 675 quod
828 607 940 674 quidem
963 608 1108 662 senserim:

121 691 192 743 nihil
213 690 307 743 audivi
327 707 361 754 ex
383 707 415 741 eo
435 689 500 756 ipse,
518 687 591 755 quod
612 687 720 740 nollem.
765 685 828 738 Una
840 685 938 738 domus
952 690 1019 752 erat,
1034 686 1109 739 idem

120 771 220 836 victus,
235 770 313 837 isque
334 767 498 820 communis:
519 784 610 834 neque
629 766 718 818 solum
737 765 845 832 militia,
861 765 909 817 sed
929 765 1011 818 etiam
1032 783 1108 833 perc-

120 849 286 915 griuationes
306 847 550 914 rusticationesque
570 862 733 898 communes.
780 846 844 897 104.
875 844 950 898 Nam
969 845 1037 912 quid
1057 863 1108 913 ego

122 927 157 980 dc
178 927 277 980 studiis
299 926 387 978 dicam
401 925 581 992 cognoscendi
594 941 699 993 semper
711 923 817 992 aliquid
830 927 913 990 atquo
927 923 1060 990 discendi,
1076 925 1107 977 in

122 1006 233 1073 quibus,
255 1005 354 1058 remoti
374 1005 409 1056 ab
426 1005 513 1057 oculis
539 1004 643 1072 populi,
666 1021 746 1056 omns
773 1003 892 1055 otiosum
911 1006 1022 1070 tempus
1043 1021 1106 1056 oon·

120 1083 266 1136 trivimusl
307 1083 429 1146 Quarum
449 1101 541 1135 rerum
560 1083 712 1136 recordatio
732 1088 760 1134 et
780 1081 919 1148 memoria,
936 1083 959 1134 si
972 1099 1028 1134 una
1042 1100 1106 1135 cum

120 1163 168 1216 illo
182 1163 332 1228 occidisset,
348 1162 514 1215 desiderium
527 1161 743 1230 conjunctissimi
762 1165 845 1229 atque
859 1161 1040 1214 amantissimi
1053 1162 1106 1216 viri

45 1271 53 1288 ·
120 1243 190 1294 ferre
210 1242 287 1294 nullo
307 1241 389 1294 modo
410 1258 523 1309 possem.
568 1241 622 1294 Sed
642 1257 693 1293 nec
712 1241 760 1293 illa
779 1241 915 1292 exstincta
935 1244 1010 1308 sunt,
1027 1241 1105 1294 alun-

118 1325 220 1388 turque
233 1321 326 1389 potius
346 1325 374 1373 et
394 1325 530 1389 augentur
550 1320 713 1388 cogitatione
733 1323 762 1372 et
782 1321 912 1372 memoria
931 1319 1006 1372 meai
1022 1321 1106 1386 'et,ai

118 1400 174 1452 illis
196 1399 277 1468 plane
301 1399 412 1452 orbatus
434 1417 529 1466 essem,
550 1417 682 1467 magnum
705 1403 798 1452 tamen
820 1399 928 1451 afferret
949 1399 1017 1450 mihi
1037 1403 1105 1452 aetas

119 1479 178 1546 ipsa
199 1479 346 1543 solatium
367 1478 472 1532 diutius
496 1479 569 1531 enim
587 1479 646 1546 jam
668 1478 698 1530 in
724 1478 776 1530 hoc
803 1477 937 1530 desiderio
963 1495 1021 1530 esse
1048 1495 1104 1532 non

119 1574 250 1625 possum;
270 1558 362 1611 omnia
375 1563 468 1610 autem
481 1557 574 1610 brevia
595 1557 748 1610 tolerabilia
769 1573 827 1609 esse
848 1556 959 1623 debent,
976 1557 1060 1610 etiam
1081 1559 1105 1610 si

119 1654 219 1706 magna
245 1642 318 1691 sunt.
362 1637 432 1690 Haec
458 1637 550 1703 habui,
578 1636 613 1690 de
639 1636 759 1689 amicitia
786 1653 848 1704 quae
875 1635 999 1690 dicerent
1043 1634 1104 1689 Vos

118 1719 212 1768 autem
234 1715 338 1781 hortor,
354 1721 386 1766 ut
408 1716 448 1768 ita
472 1716 603 1768 virtutem
623 1715 727 1782 locetis,
743 1715 801 1768 sine
824 1732 880 1784 qua
902 1714 1023 1768 amicitia
1045 1732 1105 1769 essa

118 1811 174 1848 non
188 1798 288 1862 potest,
304 1799 345 1862 ut,
361 1812 393 1847 ea
407 1798 529 1864 excepta,
544 1794 614 1847 nihil
627 1793 747 1848 amicitia
759 1793 941 1863 praestabilius
953 1793 1066 1863 putetis.
