2436 4164
133 218 172 276 68
447 233 482 274 n.
504 233 615 276 ruanrr
637 233 805 276 meracius

132 373 207 442 plina
217 372 486 426 Lacedaemoniorum
500 374 612 428 astricta
625 374 739 442 legibus.
784 376 830 428 41.
855 373 909 428 Sed
923 374 1046 428 studium
1060 375 1122 443 ejus

114 453 238 521 ,generis
261 453 404 521 majorque
417 453 459 505 vis
480 455 637 521 agnoscitur
658 455 688 506 in
702 454 854 507 Pisistrato.
899 453 1026 522 Denique
1046 454 1122 506 hunc

131 533 256 600 proximo
269 532 349 584 saeolo
363 531 556 585 Themistocles
576 533 716 586 insecutus
736 538 786 600 est,
802 537 835 586 ut
855 533 928 601 apud
949 550 1009 599 nos,
1024 551 1120 601 poran-

131 612 236 680 tiquus,
252 615 286 664 ut
305 611 379 679 apud
401 611 592 678 Athenienses,
608 629 665 664 non
685 613 726 666 ite
746 631 810 666 sane
832 617 920 666 vetus.
964 613 1032 664 Fuit
1046 613 1120 664 enim

132 695 265 758 regnante
282 691 342 758 jam
370 690 484 756 Graecia,
508 695 603 744 nostra
629 703 723 744 autem
746 693 858 746 civitate
880 691 991 744 nonita
1014 691 1122 759 pridem

131 770 275 822 dominatu
289 770 363 836 regio
376 769 499 824 liberata
543 769 572 822 N
573 788 618 822 am
631 771 735 824 bellum
750 770 913 824 Volscorum
934 770 1004 823 illud
1017 772 1119 839 gravis·

131 849 239 916 simum,
262 849 306 901 cui
319 848 479 902 Coriolanus
493 849 559 902 exul
572 849 708 916 intersint,
724 850 819 903 eodem
834 851 891 902 fere
909 854 1042 918 tempore.
1064 867 1120 918 quo

131 928 277 980 Persarum
290 927 402 994 bellum,
418 927 481 994 fuit,
495 928 645 996 similisque
653 930 766 982 fortuna
775 930 909 982 clarorum
920 930 1053 992 virorum;
1069 932 1115 982 42.

130 1007 154 1059 si
178 1006 290 1074 quidem
312 1010 439 1074 uterque,
455 1024 518 1059 oum
542 1007 608 1060 civis
630 1009 754 1076 egregius
777 1009 882 1075 fuisset,
898 1009 994 1076 populi
1017 1008 1121 1074 ingrati

131 1085 227 1152 pulsus
240 1085 343 1153 injuria
357 1103 385 1137 se
398 1087 435 1138 ad
448 1086 541 1138 hostes
554 1087 673 1140 contulit
693 1091 878 1156 conatumque
898 1087 1047 1140 emundiae
1061 1105 1119 1140 suae

130 1169 218 1218 morte
232 1165 344 1217 sedavit.
388 1164 463 1218 Nam
483 1165 536 1218 etsi
555 1167 636 1218 aliter
655 1167 728 1234 apud
749 1171 778 1220 te
791 1171 842 1233 est,
858 1166 961 1234 Attice,
977 1167 1011 1218 ds
1026 1167 1118 1220 Corio·

129 1244 202 1312 lano,
218 1244 334 1296 concede
347 1248 441 1296 tamen
455 1249 488 1296 ut
497 1245 562 1296 huic
575 1245 668 1312 generi
680 1237 777 1298 mo'rtis
789 1247 881 1314 potius
894 1245 1032 1300 assentiar.

170 1322 221 1376 XI.
267 1325 307 1376 At
329 1323 376 1376 ille
397 1323 496 1389 ridens,
514 1323 573 1376 Tuo
592 1342 667 1391 vere,
683 1325 784 1393 inquit,
807 1325 963 1388 arbitratu;
984 1325 1116 1393 quoniam

131 1403 243 1470 quidem
270 1420 428 1456 concessum
454 1409 496 1456 est
522 1402 677 1456 rhetoribus
704 1405 831 1456 ementiri
860 1405 890 1457 in
923 1403 1053 1471 historiis,
1083 1410 1117 1458 ut

130 1482 235 1550 aliquid
249 1482 338 1535 dicere
350 1483 456 1550 possint
468 1482 599 1550 argutius.
645 1483 685 1535 Ut
695 1483 769 1536 enim
778 1487 811 1536 tu
824 1501 899 1536 nunc
913 1483 947 1536 de
961 1483 1115 1550 Coriolano,

130 1560 168 1614 sic
182 1561 345 1628 Clitarchus,
360 1562 399 1614 sic
413 1561 560 1615 Stratocles
580 1563 615 1614 de
636 1562 816 1616 Themistocle
836 1563 924 1616 finxit.
971 1564 1016 1616 43.
1042 1563 1117 1616 Nam

131 1657 213 1707 quem
227 1640 410 1708 Thucydides,
427 1641 475 1709 qui
489 1645 517 1693 et
531 1641 708 1694 Atheniensis
721 1647 780 1694 erat
794 1647 823 1694 et
837 1659 943 1694 summo
957 1642 1017 1695 loco
1032 1646 1117 1696 natus

130 1735 307 1787 summusque
331 1719 374 1772 vir
397 1724 425 1772 et
443 1721 526 1787 paulo
544 1725 626 1772 retate
647 1721 789 1788 posterior,
804 1725 915 1774 tantum
935 1721 1030 1774 morbo
1044 1739 1116 1774 mor-

129 1801 211 1850 tuum
232 1798 338 1865 scripsit
362 1802 391 1850 et
413 1799 443 1850 in
464 1799 559 1852 Attica
582 1799 652 1852 clam
673 1799 828 1866 humatum,
844 1800 953 1853 addidit
973 1799 1057 1854 fuisse
1071 1818 1116 1854 su·

130 1877 278 1944 spicionem
291 1894 398 1930 veneno
411 1877 464 1930 sibi
476 1878 637 1930 conscivisse
651 1871 782 1944 mortem,
794 1879 868 1931 hune
885 1879 933 1931 isti
946 1880 1034 1947 aiunt,
1051 1897 1116 1934 curn

129 1960 241 2008 taurum
261 1956 465 2024 immolavisset,
491 1957 628 2025 excepisse
649 1957 809 2025 sanguinem
832 1962 927 2026 patera
947 1963 976 2011 et
995 1975 1028 2012 eo
1048 1965 1117 2027 poto

130 2039 271 2088 mortuum
284 2035 439 2091 concidisse.
484 2035 565 2090 Hanc
586 2037 659 2090 enim
679 2043 797 2090 mortem
816 2038 950 2090 rhetorice
971 2042 999 2090 et
1012 2039 1116 2106 tragice

130 2131 227 2168 ornare
240 2119 391 2184 potuerunt
404 2136 410 2180 ;
424 2115 472 2168 illa
485 2133 559 2168 mors
568 2116 688 2184 vulgaris
698 2117 803 2170 nullam
817 2117 956 2184 praebebat
969 2119 1115 2172 materiem

130 2194 166 2246 ad
189 2199 324 2248 omatum.
374 2195 465 2259 Quare
486 2196 617 2263 quoniam
638 2196 690 2248 tibi
704 2195 744 2250 ita
765 2197 892 2264 quadrat,
916 2197 1008 2249 omnia
1031 2197 1116 2250 fuisse

49 2317 51 2324 .
130 2273 305 2326 Themistocli
327 2275 402 2341 paria
426 2278 454 2326 et
476 2274 628 2340 Coriolano,
643 2281 765 2342 pateram
789 2293 899 2344 quoque
922 2293 939 2328 a
959 2293 1002 2328 me
1023 2293 1116 2331 sumes

130 2352 195 2404 licet
209 2372 216 2416 ;
230 2353 357 2419 praebebo
365 2353 450 2404 etiam
462 2353 587 2419 hostiam,
602 2358 634 2406 ut
649 2353 808 2406 Coriolanus
822 2355 858 2407 sit
871 2356 952 2422 plane
966 2355 1114 2408 alterThe-

129 2431 274 2484 mistocles.
323 2433 368 2484 44.
394 2432 436 2482 Sit
457 2449 530 2498 sane,
556 2433 680 2500 inquam,
705 2437 739 2485 ut
762 2432 840 2486 lubet
862 2435 896 2486 de
917 2434 971 2486 isto
983 2455 990 2498 ;
1011 2439 1040 2488 et
1062 2453 1114 2504 ego

130 2509 237 2570 cautius
258 2509 372 2577 posthac
394 2509 536 2563 historiam
557 2512 693 2578 attingam
716 2517 745 2564 te
767 2513 906 2580 audiente,
922 2531 1005 2582 quem
1021 2532 1114 2568 rerum

130 2589 317 2642 Romanarum
339 2593 478 2642 auctorem
498 2590 610 2642 laudare
634 2607 744 2657 possum
765 2591 1006 2660 religiosissimum.
1058 2593 1114 2647 Sed

129 2671 192 2720 tum
214 2668 271 2720 fere
289 2668 417 2735 Pericles,
432 2669 588 2737 Xanthippi
607 2669 688 2736 filius,
704 2671 738 2722 de
760 2688 815 2738 quo
836 2675 901 2724 ante
924 2672 992 2739 dixi,
1008 2673 1114 2740 primus
1207 2719 1208 2722 ,

129 2747 256 2800 adhibuit
277 2747 449 2812 doctrinam;
469 2766 532 2816 quae
554 2766 713 2816 quanquam
729 2754 791 2802 tum
814 2751 891 2803 nulla
913 2756 971 2804 erat
992 2753 1109 2819 dicendi,

129 2830 223 2878 mmen
236 2827 271 2879 ab
284 2827 449 2895 Anaxagora
468 2828 580 2896 physico
600 2828 725 2881 eruditus
745 2829 968 2882 exercitationem
981 2832 1082 2884 mentis
1096 2849 1113 2884 a

128 2905 277 2956 reconditis
300 2906 486 2974 abstrusisque
506 2908 588 2960 rebus
611 2908 646 2960 ad
668 2925 762 2960 causas
775 2909 895 2962 forenses
915 2910 1113 2978 popularesque

129 2983 209 3036 facile
245 2983 414 3039 traduxerat.
471 2986 565 3054 Hujus
592 2987 728 3040 suavitate
754 2988 873 3040 maxime
899 2989 1024 3042 hilaratae
1045 2995 1113 3042 sunt

129 3063 258 3130 Athena,
273 3063 356 3130 hujus
377 3064 534 3116 ubertatem
556 3069 584 3118 et
606 3067 711 3132 copiam
733 3066 885 3132 admiratae,
908 3067 1032 3134 ejusdem
1053 3069 1112 3121 vim

129 3143 239 3196 dicendi
251 3146 436 3209 terroremque
449 3143 609 3197 timuerrmt.

168 3221 236 3274 XII.
282 3224 328 3276 45.
353 3221 423 3274 Haeo
444 3221 529 3289 igitur
550 3229 617 3276 aetas
640 3224 728 3291 prima
740 3223 858 3276 Athenis
878 3227 1013 3275 oratorem
1026 3239 1110 3290 prope

128 3302 281 3370 perfeetum
300 3301 374 3354 tulit.
436 3301 496 3354 Neo
518 3302 592 3354 enim
612 3303 642 3355 in
664 3302 895 3354 constituentibus
915 3302 1109 3368 rempublicam

128 3381 222 3433 necin
236 3381 307 3433 bella
320 3381 477 3448 gerentibus
490 3398 541 3432 nec
555 3381 584 3433 in
598 3381 737 3448 impeditis
757 3398 788 3433 ao
807 3398 903 3448 regum
923 3381 1111 3435 dominatione
1165 3391 1168 3398 “

128 3459 263 3512 devinctis
276 3459 351 3512 nasei
364 3459 500 3528 cupiditas
514 3461 623 3512 dicendi
636 3460 711 3512 solet.
756 3460 835 3512 Pacis
849 3463 891 3512 est
904 3477 993 3513 eomes
1006 3461 1112 3530 otiique

129 3539 201 3591 socia
214 3542 242 3590 et
259 3539 318 3606 jam
338 3539 407 3592 bene
431 3539 590 3592 constitutae
610 3539 730 3592 civitatis
751 3541 830 3608 quasi
853 3541 965 3592 alumna
984 3542 1112 3609 quaedam

128 3617 292 3684 eloquentia
337 3620 382 3672 46.
408 3618 506 3687 Itaque
520 3620 559 3672 ait
573 3619 743 3686 Aristoteles,
760 3637 823 3672 eum
842 3620 959 3673 sublatis
978 3621 1007 3673 in
1021 3621 1113 3674 Sicilia

149 3695 253 3748 rrannis
263 3713 305 3748 res
319 3699 434 3764 privatae
447 3699 530 3766 longo
549 3699 695 3753 intervallo
712 3699 824 3768 judiciis
837 3704 1033 3768 repeterentur,
1050 3705 1111 3755 tum
