2436 4164
480 257 558 300 olro
579 258 694 300 nasos.
1060 245 1077 302 7

90 393 230 460 Equidem
250 411 306 448 non
319 396 401 448 modo
421 412 467 448 eos
483 397 556 463 novi,
569 397 617 464 qui
631 401 705 463 sunt,
718 397 766 450 sed
779 414 873 450 eorum
887 403 978 466 patres
992 401 1075 460 etiam

91 479 121 524 et
135 489 219 536 avos;
239 490 296 540 neo,
314 475 436 543 sepulcra
448 475 550 544 legens,
565 492 667 542 vereor,
680 476 754 544 quod
768 477 855 543 aiunt,
868 495 902 529 ne
916 481 1073 536 memoriam

90 551 225 618 perdam3
245 553 288 608 his
308 553 382 604 enim
402 554 468 620 ipsis
490 555 610 622 legendis
631 555 661 606 in
679 555 837 607 memoriam
858 557 939 608 redeo
952 564 1073 611 mortuo-

90 647 161 683 rum.
207 631 267 684 Nec
289 649 353 684 vero
377 649 533 700 quenquam
556 651 652 686 senum
676 633 770 686 audivi
791 635 917 700 oblitum,
937 653 991 702 quo
1013 637 1073 690 loco

90 708 252 761 thesaurum
272 711 412 764 obruisset.
457 708 564 778 Omnia,
580 729 643 780 quae
665 717 770 779 curant,
786 713 980 780 meminerunt,
997 717 1072 768 vadi·

90 789 194 855 monia,
229 790 388 856 constituta,
420 791 469 857 qui
500 791 561 856 sihi,
595 791 639 843 cui
672 791 724 858 ipsi
756 792 880 844 debeant.
927 795 972 846 22.
998 793 1071 857 Quid

87 867 300 934 jurisconsulti?
327 869 394 935 quid
407 870 568 936 pontifices?
594 870 662 937 quid
675 871 811 937 augures?
838 871 905 938 quid
918 872 1073 940 philosophi

90 948 193 999 senes?
221 963 304 1014 quam
327 948 416 1000 multa
439 949 639 1001 meminerunt!
681 949 799 1001 Manent
819 950 929 1016 ingenia
950 952 1068 1017 senibus,

90 1025 174 1078 modo
194 1031 351 1094 permaneat
370 1027 492 1078 studium
506 1031 534 1080 et
553 1027 707 1081 industria:
728 1045 777 1080 uec
798 1045 829 1080 ea
847 1029 936 1080 solum
948 1030 978 1081 in
992 1031 1071 1084 claris
1154 1033 1157 1039 '

90 1108 120 1155 et
134 1104 275 1158 honoratis
285 1105 359 1171 viris,
372 1105 420 1157 sed
433 1106 462 1158 in
473 1106 531 1158 vita
544 1107 627 1158 etiam
640 1106 746 1173 privata
759 1111 787 1158 et
798 1107 898 1174 quieta.
925 1107 1070 1174 Sophocles

90 1183 126 1234 ad
140 1201 276 1236 summam
289 1187 458 1236 senectutem
471 1185 617 1251 tragoedias
630 1185 695 1236 fecit
708 1204 714 1248 ;
735 1185 809 1252 qnod
822 1191 933 1253 propter
946 1187 1070 1240 studium

89 1279 177 1328 quum
198 1281 256 1315 rem
273 1263 409 1330 negligere
429 1263 590 1316 familiarem
603 1263 748 1328 videretur,
766 1280 783 1314 a
800 1263 863 1316 filiis
882 1265 912 1316 in
933 1265 1070 1332 judicium

89 1345 204 1394 vocatus
225 1346 276 1407 est,
292 1347 334 1408 ut,
351 1342 580 1408 quemadmodum
597 1347 691 1394 nostro
711 1359 786 1394 more
799 1343 870 1395 male
883 1360 940 1395 rem
953 1347 1069 1411 gerenti·

17 1449 20 1458 ·
89 1419 144 1471 bus
163 1421 287 1492 patribus
307 1421 386 1472 bonis
399 1421 527 1473 interdici
540 1421 619 1486 solet,
635 1421 673 1473 sic
686 1421 772 1486 illum,
787 1422 865 1488 quasi
878 1422 1066 1490 desipientem,

89 1515 106 1549 a
133 1516 163 1550 re
184 1499 311 1552 familiari
335 1503 507 1552 removerent
530 1499 647 1566 judices.
688 1499 758 1552 Tum
779 1517 862 1552 senex
885 1500 986 1552 dicItur
1009 1519 1069 1555 eam

89 1577 221 1645 tabulam,
247 1594 330 1644 quam
356 1577 386 1630 in
412 1578 539 1630 manibus
565 1578 683 1630 habehat
709 1583 738 1630 ot
764 1579 887 1645 proxime
914 1580 1066 1648 scripserat,

91 1655 223 1723 OEdipum
237 1657 393 1722 Coloneum,
408 1657 534 1709 recitasse
545 1657 694 1724 judicibus,
711 1657 901 1724 quaesisseque,
917 1675 985 1710 num
998 1659 1069 1712 illud

90 1751 198 1787 carmen
212 1735 369 1803 desipientis
382 1735 528 1788 videretur.
566 1735 627 1799 Quo
640 1735 764 1802 recitato,
779 1737 921 1788 sententiis
941 1737 1068 1804 judicum

88 1819 132 1866 est
153 1814 290 1866 liberatus
337 1817 380 1867 23.
413 1814 490 1866 Num
512 1814 596 1880 igitur
618 1815 701 1881 hune,
724 1831 792 1866 num
813 1815 973 1882 Homerum,
1000 1833 1068 1869 num

90 1891 253 1960 Hesiodum,
284 1893 460 1960 Simonidem,
490 1893 682 1960 Stesichorum,
711 1911 788 1960 num,
812 1910 881 1964 quos
908 1899 972 1946 ante
1000 1895 1065 1959 dixi,

89 1971 245 2039 Isocratem,
256 1973 393 2039 Gorgiam,
405 1989 472 2023 num
486 1972 706 2040 philosophorum
719 1973 862 2040 principes,
873 1972 1066 2041 Pythagoram,

88 2051 285 2117 Democritum,
311 2069 379 2103 num
400 2051 554 2117 Platonem,
576 2068 645 2103 num
670 2051 861 2117 Xenocratem,
884 2069 952 2104 num
974 2057 1069 2119 postea

88 2129 234 2196 Zenonem,
252 2130 421 2197 Cleanthem,
437 2133 486 2182 aut
499 2147 571 2196 eum,
588 2147 670 2198 quem
683 2147 732 2181 vos
745 2130 828 2182 etiam
842 2129 949 2182 vidistis
960 2131 1065 2198 Romae,

87 2209 239 2277 Diogenem
253 2209 385 2275 Stoicum,
400 2209 488 2275 coegit
500 2209 531 2261 in
545 2209 600 2260 suis
613 2208 712 2261 studiis
725 2209 910 2261 obmutescere
924 2215 1048 2262 senectus
1059 2211 1068 2262 I

86 2304 123 2339 an
135 2305 193 2340 non
213 2289 243 2340 in
257 2288 383 2340 omnibus
403 2287 445 2339 his
466 2287 620 2340 studiorum
641 2287 752 2354 agitatio
770 2287 835 2338 vitae
859 2287 971 2354 aequalis
992 2289 1068 2341 fuiti

88 2369 133 2420 24.
158 2369 227 2434 Age,
243 2371 275 2418 ut
288 2367 343 2418 ista
355 2367 450 2418 divina
463 2367 554 2418 studia
567 2365 734 2432 omittamus,
750 2381 860 2432 possum
874 2367 1013 2419 nominare
1033 2384 1068 2419 er

86 2462 151 2512 agro
175 2445 276 2498 Sabino
303 2445 419 2498 rusticos
453 2445 600 2510 Romanos,
626 2444 730 2496 vidnos
754 2448 783 2496 et
809 2445 958 2496 familiares
981 2462 1065 2511 meos,

87 2524 189 2590 quibus
209 2525 377 2590 absentibus,
392 2540 535 2590 nunquam
557 2524 614 2574 fere
636 2523 694 2575 ulla
716 2523 746 2574 in
773 2539 837 2590 agro
859 2523 963 2590 majora
986 2541 1068 2590 opera

17 2595 18 2600 ¹
86 2602 167 2669 finnt,
183 2619 240 2654 non
254 2601 383 2668 serendis,
398 2619 455 2654 non
476 2601 664 2669 percipiendis,
680 2617 736 2652 non
750 2601 899 2654 condendis
920 2602 1062 2656 fructibus.

87 2679 251 2748 Quanquam
263 2681 293 2732 in
307 2681 367 2732 aliis
380 2680 472 2732 minus
484 2681 536 2732 hoc
548 2680 649 2732 mirum
662 2684 710 2732 est.
755 2679 845 2730 Nemo
860 2680 933 2732 enim
947 2685 988 2732 est
1008 2685 1066 2733 tam

86 2776 180 2826 sonex,
197 2760 246 2827 qui
267 2777 295 2812 se
308 2776 413 2811 annum
426 2775 483 2810 non
502 2762 583 2826 putet
602 2775 680 2825 posse
695 2757 786 2809 vivere
801 2777 808 2819 ;
828 2757 877 2809 sed
889 2757 973 2810 iidem
986 2760 1015 2811 In
1029 2760 1068 2812 cis

86 2838 237 2906 elaborant,
253 2855 315 2906 quae
329 2837 421 2890 sciunt
434 2837 504 2889 nihil
517 2836 553 2888 ad
567 2853 595 2889 se
609 2835 721 2888 omnino
734 2835 889 2904 pertinere:

214 2963 280 3011 Serit
290 2961 397 3020 arbores,
409 2977 465 3023 quae
476 2960 550 3010 saeclo
561 2960 659 3022 prosint
669 2960 748 3020 alteri,

17 3055 18 3066 ,
86 3085 118 3134 ut
139 3080 179 3132 ait
206 3079 310 3131 Statius
331 3082 424 3130 noster
444 3078 474 3129 in
496 3077 670 3145 Synephebis.
716 3078 760 3129 25.
785 3076 845 3128 Nec
868 3093 934 3129 vero
957 3076 1067 3128 dubitet
1169 3123 1173 3134 ,

86 3158 211 3226 agricola,
235 3157 360 3224 quamvis
380 3157 416 3208 sit
436 3173 527 3222 senex,
551 3155 695 3222 querenti,
714 3155 760 3207 cui
782 3159 862 3221 serat,
888 3155 1067 3222 respondere:

86 3238 150 3290 Diu
162 3235 365 3301 homortolthua,
381 3235 428 3303 qui
447 3251 489 3286 me
511 3251 568 3286 aea
589 3227 707 3301 accipere
724 3233 801 3286 modo
825 3233 879 3286 huc
892 3251 910 3284 a
923 3233 1067 3298 rudioribus

85 3317 234 3380 nommant,
249 3314 293 3366 sed
307 3315 389 3366 etiam
398 3313 510 3381 posteris
519 3312 638 3382 prodere.

124 3393 208 3446 VIII.
233 3392 335 3445 Melius
358 3391 482 3444 Caecilius
506 3392 540 3443 de
567 3407 630 3444 sene
651 3391 731 3442 alteri
752 3391 851 3442 saeculo
875 3389 1063 3458 prospiciente,

86 3490 169 3541 quam
181 3471 252 3524 illud
264 3471 338 3524 idem
350 3489 356 3524 :

213 3586 317 3648 Edepol,
328 3590 450 3644 senectus,
462 3585 484 3632 si
494 3585 557 3632 nihil
569 3585 707 3646 quidquam
717 3575 785 3630 aliud
797 3583 844 3630 viu

213 3652 339 3711 Apportes
349 3653 442 3708 tecum,
454 3663 532 3710 quum
543 3648 659 3703 advenis;
676 3661 754 3692 unum
766 3645 793 3692 id
804 3649 843 3692 sat
854 3650 899 3706 est,

213 3713 292 3773 Quod,
304 3713 349 3760 diu
359 3712 473 3770 vivendo,
485 3711 570 3768 multa,
582 3725 637 3772 quse
648 3724 699 3757 non
709 3708 771 3767 vult,
782 3709 857 3757 videt.
