2456 4162
506 272 640 314 esurus.
1021 255 1060 311 99

78 411 169 479 magni
181 412 396 479 laboris,thoe
409 428 498 480 operae
511 411 715 479 multammque
728 427 879 464 causarum
914 408 979 467 247.
997 409 1061 462 Duo

78 491 160 542 ctiam
174 492 289 557 Metelli,
305 491 423 544 Celeret
438 490 539 558 Nepos,
562 507 619 542 non
640 490 711 543 nihil
732 491 763 543 in
785 490 874 544 causis
886 489 997 555 versati,
1010 504 1062 540 neo

78 571 136 621 siue
149 571 257 638 ingenio
271 586 320 623 nec
332 570 437 622 indocti
449 570 501 622 hoc
523 573 602 622 erent
622 570 753 638 populare
773 569 882 622 dicendi
894 585 980 636 geum
992 584 1062 620 asse-

78 649 142 701 cuti.
198 649 244 702 On.
262 655 355 703 autem
368 649 503 702 Lentulus
517 649 694 703 Marcellinus
707 667 758 702 nec
770 665 894 717 unquam
914 647 1063 699 indisertus

78 732 106 778 et
119 727 149 779 in
162 729 305 782 consulatu
317 729 495 796 pereloquens
506 728 579 780 visus
592 733 644 795 ost,
659 746 715 781 non
728 728 824 781 tardus
837 726 988 792 sententiis,
1005 742 1060 778 non

77 807 156 874 inops
178 807 277 874 verbis,
300 824 365 860 vooe
387 824 493 873 canora,
516 808 622 860 facetus
644 807 717 861 satis
771 807 800 860 0.
817 805 967 860 Memmius
979 804 1010 858 Ia.
1027 803 1058 858 F.

77 886 212 952 perfectus
222 887 329 953 litteris,
340 887 387 938 sed
396 887 506 951 Graecis,
518 886 675 939 fastidiosus
683 903 748 940 sane
758 885 918 940 latinarum
929 905 937 949 ;
950 888 1063 952 argutiis

77 969 170 1018 orator
182 966 324 1034 verbisque
347 966 445 1031 dulcis,
461 965 508 1018 sed
521 966 629 1033 fugiens
652 983 709 1018 non
730 966 812 1018 modo
833 964 951 1030 dicendi,
967 981 1063 1016 verrem

78 1044 162 1098 etiam
187 1045 325 1112 cogitandi
350 1045 478 1110 laborem,
507 1047 619 1096 tantum
644 1045 697 1097 sibi
720 1045 755 1098 de
777 1045 909 1097 faordtate
930 1042 1061 1108 detraxit,

79 1128 214 1190 quantum
227 1124 367 1177 imminuit
380 1123 529 1176 industrie.

117 1201 222 1255 LXXI.
267 1205 331 1257 248.
356 1203 418 1256 Hoc
431 1203 490 1256 loeo
505 1202 616 1270 Brutus,
629 1201 719 1266 Quam
732 1203 838 1269 vellem,
855 1203 955 1270 inquit,
972 1201 1007 1253 de
1020 1201 1063 1253 his

79 1281 163 1333 etiam
176 1283 337 1349 oratoribus,
353 1283 402 1350 qui
420 1282 502 1334 hodie
522 1286 595 1348 sunt,
618 1282 672 1334 tibi
691 1282 779 1335 dicere
799 1283 918 1344 liberet;
938 1285 976 1347 et,
992 1280 1063 1333 side

79 1359 140 1411 eliis
153 1361 252 1427 minus,
268 1362 302 1415 de
324 1362 432 1414 duobus
454 1365 556 1427 tamen,
582 1378 651 1429 quos
672 1380 689 1414 a
710 1365 738 1413 te
760 1361 815 1413 seio
836 1360 944 1413 laudari
966 1360 1061 1425 solere,

78 1437 182 1492 Caesare
203 1445 232 1492 et
254 1441 394 1508 Marcello,
409 1441 532 1493 audirem
544 1457 600 1493 non
614 1441 705 1492 minus
717 1440 843 1506 libenter,
864 1456 947 1507 quam
969 1438 1064 1490 audivi

77 1517 112 1570 de
126 1519 174 1584 eis,
189 1519 238 1587 qui
251 1520 370 1573 fuerunt.
415 1520 471 1573 Gur
483 1519 616 1572 tandeml
643 1520 765 1586 inquam,
781 1536 817 1570 an
831 1521 980 1586 exspectas,
996 1517 1064 1584 quid

77 1614 129 1664 ego
139 1598 260 1664 judicem
273 1599 307 1651 de
320 1600 389 1666 istis,
405 1599 454 1667 qui
472 1597 525 1652 tibi
545 1602 610 1651 sunt
629 1615 708 1666 aeque
731 1599 791 1650 noti
812 1615 844 1650 ac
863 1596 951 1649 mihil
991 1596 1064 1648 Mihi

77 1676 240 1742 mehercule,
269 1678 370 1745 inquit,
397 1676 544 1731 Marcellus
572 1678 638 1730 satis
662 1682 704 1730 est
735 1681 827 1744 notus,
854 1676 943 1730 Caesar
970 1684 1064 1728 autem

77 1772 196 1821 pamm3
215 1757 294 1810 illum
317 1758 391 1810 enim
412 1773 483 1824 saepe
504 1757 613 1822 audivi;
636 1757 688 1823 hic,
706 1774 769 1810 cum
790 1773 840 1823 ego
859 1755 983 1824 judicare
1003 1755 1064 1822 jam

77 1834 182 1901 aliquid
189 1852 304 1902 possem,
315 1837 411 1890 abfuit.
446 1838 513 1890 249.
538 1835 611 1899 Quid
621 1836 705 1904 igitur
715 1836 750 1889 de
758 1836 806 1888 illo
812 1835 929 1902 judicas,
938 1835 1061 1902 inquam,

77 1929 161 1980 quem
174 1931 245 1982 serpe
258 1915 409 1968 audivistil
449 1915 523 1978 Quid
541 1932 641 1981 censes,
656 1915 757 1983 inquit,
772 1915 826 1967 nisi
845 1914 884 1980 id,
900 1913 974 1982 quod
988 1913 1063 1965 habi·

52 2045 54 2048 .
76 1997 158 2044 turus
171 2009 200 2044 es
213 1993 328 2046 similem
338 1993 402 2046 tuil
442 1993 496 2046 Nee
520 2011 579 2061 ego,
594 1995 717 2060 inquam,
733 1995 756 2046 si
777 1995 818 2046 ita
841 1998 892 2059 est,
908 1993 991 2045 velim
1011 1992 1064 2044 tibi

76 2087 142 2124 eum
155 2071 260 2138 placere
281 2089 363 2140 quem
383 2073 507 2126 maxime.
561 2073 651 2140 Atqui
664 2077 692 2124 et
705 2073 745 2125 its
758 2077 809 2138 est,
824 2071 925 2139 inquit,
942 2076 970 2124 et
984 2071 1063 2123 vehe

76 2155 186 2202 menter
199 2151 288 2218 placet
303 2171 310 2216 ;
330 2169 381 2204 nec
394 2168 458 2204 vero
472 2152 530 2205 sine
544 2169 631 2205 causa
669 2150 698 2202 N
699 2168 744 2203 am
757 2155 786 2203 et
799 2151 896 2203 didicit
910 2155 947 2216 et,
958 2150 1063 2202 omissis

76 2229 175 2281 ceteris
201 2230 300 2282 studiis
321 2247 409 2283 unum
432 2231 461 2283 id
488 2232 544 2299 egit
570 2247 682 2300 seseque
709 2230 876 2297 quotidianis
899 2233 1064 2281 commenta-

75 2308 201 2360 tionibus
208 2309 336 2362 acerrime
345 2309 474 2364 exercuit
519 2311 584 2363 250.
602 2309 701 2377 Itaque
709 2313 738 2361 et
748 2309 826 2361 lectis
835 2309 927 2360 utitur
937 2307 1026 2360 verbis
1036 2312 1064 2359 et

75 2387 268 2454 frequentibus
282 2389 433 2455 sententiis,
449 2393 478 2441 et
488 2389 631 2457 splendore
644 2389 726 2454 vocis,
743 2392 771 2440 et
784 2388 919 2455 dignitate
932 2390 1023 2438 motus
1032 2386 1065 2438 fit

76 2465 230 2532 speciosum
244 2471 272 2519 et
285 2467 392 2520 illustre
406 2467 481 2535 quod
495 2468 571 2534 dicit,
587 2467 733 2536 omniaque
756 2467 793 2519 sio
817 2469 978 2534 suppetunt,
994 2469 1027 2518 ut
1040 2465 1066 2517 ei

74 2544 184 2597 nullam
197 2545 289 2598 deesse
303 2545 435 2599 virtutem
448 2547 562 2600 oratoris
575 2551 671 2614 putem
685 2565 693 2611 ;
708 2603 713 2614 ,
726 2546 898 2613 meximeque
912 2544 1067 2596 laudandus

74 2627 129 2688 est,
146 2624 195 2692 qui
207 2624 259 2678 hoo
272 2634 395 2693 tempore
408 2625 477 2693 ipso,
493 2625 567 2695 quod
581 2625 661 2678 liceat
674 2625 704 2677 in
717 2625 769 2678 hoc
782 2624 921 2678 communi
934 2627 1028 2675 nostro
1038 2627 1067 2674 et

74 2703 157 2770 quasi
170 2703 249 2756 fatali
270 2704 352 2770 malo,
367 2704 522 2757 consoletur
535 2721 564 2756 se
577 2721 640 2756 oum
653 2703 818 2756 conscientia
831 2702 943 2770 optimae
966 2701 1067 2753 mentis

74 2787 140 2832 tum
163 2782 247 2834 etiam
265 2783 441 2851 usurpatione
462 2787 491 2835 et
513 2783 690 2836 renovatione
711 2782 850 2835 doctrinae.
904 2780 972 2832 Vidi
993 2781 1085 2855 enim·

74 2859 223 2927 Mitylenis
235 2878 324 2929 nuper
331 2861 421 2914 virum
435 2865 528 2929 atque,
542 2865 574 2913 ut
588 2861 655 2928 dixi,
667 2861 726 2914 vidi
735 2860 815 2928 plane
826 2859 922 2911 virum
967 2859 1067 2930 ltaque

75 2955 216 2990 cumeum
229 2943 311 2992 antea
324 2939 367 2992 tui
381 2939 496 2992 similem
510 2940 539 2992 in
553 2941 668 2992 dicendo
682 2939 806 3005 viderim,
816 2943 877 2990 tum
889 2955 953 2989 vero
967 2955 1042 2990 nuno
1051 2955 1068 2990 a

75 3017 237 3070 doctissimo
259 3019 318 3071 viro
338 3018 455 3087 tibique,
471 3023 503 3071 ut
527 3019 660 3084 intellexi,
685 3017 857 3084 amicissimo,
873 3016 1011 3084 Cratippo,
1027 3016 1069 3068 in·

75 3099 217 3148 structum
231 3098 306 3150 omni
320 3097 397 3165 eopia
410 3097 499 3149 multo
512 3097 636 3152 videbam
650 3096 815 3150 similiorem.
855 3098 919 3149 251.
938 3094 993 3146 Hio
1007 3111 1066 3162 ego,

75 3175 150 3240 Etsi,
166 3175 290 3243 inquam,
305 3177 340 3229 de
354 3176 452 3243 optimi
465 3176 518 3228 viri
530 3176 662 3244 nobisque
673 3175 828 3228 amicissimi
841 3174 969 3226 laudibus
982 3173 1068 3225 liben-

74 3259 120 3305 ter
134 3254 228 3320 audio,
244 3259 337 3307 tamen
347 3255 457 3307 incurro
470 3255 500 3310 iu
517 3255 676 3308 memoriam
689 3254 875 3307 communium
888 3252 1065 3316 miseriarum,

76 3349 198 3400 quanam
222 3333 386 3386 oblivionem
414 3350 538 3401 quaerens
564 3333 638 3385 hunc
664 3333 754 3400 ipsum
779 3347 929 3384 sermonem
942 3326 1068 3397 'produxi

76 3411 195 3479 longius.
251 3411 305 3465 Sed
325 3412 360 3465 de
381 3409 489 3466 Caesare
508 3412 589 3480 cupio
609 3411 713 3478 audire,
736 3397 936 3478 quid'tandem
958 3409 1069 3460 Atticus

70 3490 190 3557 judicet.

119 3569 241 3623 LXXII.
287 3571 324 3622 Et
337 3571 393 3636 ille,
410 3570 553 3635 Praeclare,
569 3569 669 3636 inquit,
681 3567 734 3620 tibi
742 3571 857 3633 constas,
873 3570 907 3618 ut
921 3565 955 3618 de
970 3567 1009 3618 eis
1022 3583 1048 3635 qr

75 3665 153 3700 nunc
167 3649 224 3700 sint
237 3649 308 3702 nihil
321 3649 388 3701 velis
400 3649 458 3716 ipse
472 3648 582 3711 dicere;
613 3651 642 3698 et
662 3646 771 3699 hercule
785 3645 809 3698 si
822 3646 859 3698 sio
873 3662 973 3713 ageres,
989 3649 1040 3699 ut⁴

73 3725 117 3778 eis
131 3727 212 3795 egisti
226 3727 276 3794 qui
297 3727 354 3797 jam
368 3727 470 3781 mortui
483 3731 559 3794 sunt,
574 3724 712 3778 neminem
733 3729 766 3778 ut
779 3724 1009 3794 praetermitteres,
1026 3742 1032 3778 1

892 3801 939 3850 at
