2436 4164
155 287 195 341 40
473 303 508 344 u.
529 304 638 346 runnu
660 303 826 346 cronacum

154 437 226 500 Quin
248 440 330 492 etiam
350 457 457 492 necesse
476 441 528 492 erit
548 458 645 508 cupere
665 445 693 492 et
713 445 815 508 optare,
830 445 864 493 ut
885 458 968 508 quam
988 441 1135 509 saepissime

153 522 246 584 peccet
259 519 371 584 amicus,
394 535 448 586 quo
468 519 559 587 plures
573 520 620 571 det
633 521 685 571 sibi
697 524 829 587 tanquam
850 537 929 572 ausas
941 521 976 572 ad
990 521 1134 588 reprehen-

155 596 273 649 iendum
285 617 292 662 ;
320 615 428 649 rursum
451 615 543 650 auvam
564 602 636 650 recte
659 599 737 651 factis
759 599 962 666 commodisque
984 600 1135 652 amicorum

152 691 260 728 necesse
283 677 336 728 crit
362 677 434 743 angi,
459 679 558 742 dolere,
583 677 711 729 invidere.
757 680 802 730 60.
827 677 917 740 Quare
943 678 995 730 boc
1021 679 1134 746 quidem

152 759 327 822 praeceptum,
351 755 536 822 cujuscunque
563 760 612 822 est,
639 757 674 808 ad
700 755 850 808 tollendam
876 757 1024 809 amicitiam
1046 759 1128 810 valet.

153 832 228 884 Illud
241 835 332 900 potius
346 833 557 901 praecipiendum
568 835 631 901 fuit,
641 839 674 886 ut
684 852 744 887 eam
757 834 927 902 diligentiam
940 836 1133 890 adhiberemus

151 911 181 962 in
195 912 320 964 amicitiis
334 913 530 979 comparandis,
542 917 575 964 ut
588 931 623 966 ne
637 914 747 980 quando
760 931 850 966 amare
863 913 1042 982 inciperemus
1056 933 1130 983 eum,

152 1006 234 1054 quem
247 991 393 1058 aliquando
406 991 494 1043 odisse
507 1009 652 1058 possemus.
697 991 769 1055 Quin
784 993 867 1044 etiam
885 993 909 1044 si
929 993 1019 1045 minus
1039 995 1132 1047 felices

151 1067 180 1119 in
194 1068 331 1136 diligendo
344 1070 497 1136 fuissemus,
512 1071 656 1123 ferendum
675 1071 704 1123 id
726 1071 815 1138 Scipio
834 1071 926 1138 potius
945 1089 1028 1140 quam
1040 1073 1131 1126 inimi·

151 1147 278 1199 citiarum
291 1152 400 1216 tempus
414 1149 589 1216 cogitandum
602 1151 724 1217 putabat.

190 1225 285 1279 XVII.
331 1229 375 1279 61.
401 1227 454 1279 His
467 1228 551 1294 igitur
570 1229 671 1280 finibus
690 1229 825 1281 utendum
844 1229 969 1296 arbitror,
984 1234 1026 1297 ut,
1043 1249 1131 1299 quum

150 1305 288 1356 emendati
313 1323 401 1358 mores
428 1307 575 1358 amicorum
599 1307 663 1373 sint,
688 1312 748 1360 tum
775 1306 812 1360 sit
838 1307 911 1360 inter
937 1325 983 1360 eos
1006 1312 1130 1363 omnium

149 1399 249 1450 rerum,
279 1385 461 1451 consiliorum,
489 1386 664 1438 voluntatum
691 1387 749 1438 sine
780 1387 837 1438 ulla
867 1387 1025 1454 exceptione
1057 1407 1129 1441 com-

149 1463 269 1514 munitas
278 1482 286 1522 ι,
304 1467 346 1530 ut,
370 1465 453 1516 etiam
477 1465 500 1516 si
523 1482 578 1532 qua
598 1465 709 1518 fortuna
730 1465 866 1532 acciderit,
882 1469 915 1518 ut
935 1467 1026 1518 minus
1043 1468 1129 1535 justae

149 1541 296 1594 amicorum
318 1543 474 1595 voluntates
501 1543 665 1610 adjuvandae
691 1545 756 1610 sint,
780 1545 809 1596 in
835 1545 935 1612 quibus
962 1563 1056 1598 eorum
1079 1554 1128 1600 aut

149 1625 232 1686 caput
246 1626 342 1688 agatur
355 1625 404 1673 aut
415 1622 497 1688 fama,
510 1623 701 1674 declinandum
715 1623 751 1674 sit
764 1623 798 1674 de
811 1623 864 1690 via,
877 1623 959 1676 modo
973 1641 1007 1676 ne
1021 1643 1129 1679 summa

148 1699 292 1764 turpitudo
312 1703 447 1766 sequatur.
492 1701 542 1752 Est
562 1701 645 1767 enim,
668 1706 804 1768 quatenus
825 1701 950 1754 amicitiae
974 1703 1034 1756 dari
1046 1706 1129 1758 venia

148 1777 240 1843 possit.
284 1777 313 1829 N
314 1795 344 1830 ec
364 1795 428 1829 vero
447 1780 609 1846 negligenda
629 1784 670 1831 est
683 1781 764 1846 fama,
780 1797 830 1833 nee
843 1781 977 1833 mediocre
990 1783 1077 1834 telum
1091 1785 1127 1836 ad

147 1872 190 1906 res
216 1856 346 1922 gerendas
366 1857 521 1909 existimare
542 1863 649 1924 oportet
669 1859 886 1910 benevolentiam
906 1860 1021 1914 civium:
1042 1878 1127 1929 quam

147 1934 299 1986 blanditiis·
315 1940 343 1987 et
369 1937 531 1988 assentando
561 1937 685 2004 colligere
715 1941 796 2004 turpe
827 1941 883 1991 est:
917 1939 1013 2006 virtus,
1042 1958 1127 2008 quam

147 2013 271 2080 sequitur
284 2015 389 2080 caritas,
405 2014 516 2068 minime
530 2015 698 2084 repudianda
711 2020 759 2069 est.

187 2094 232 2146 62.
277 2093 330 2146 Sed
345 2095 425 2162 (saepe
439 2095 513 2146 enim
525 2095 606 2147 redeo
619 2094 654 2147 ad
668 2094 829 2162 Scipionem,
845 2096 923 2164 cujus
936 2098 1024 2149 omnis
1037 2115 1126 2152 sermo

146 2175 204 2224 erat
218 2172 252 2224 de
272 2173 401 2242 amicitia)
415 2175 587 2240 querebatur,
604 2173 678 2241 quod
702 2175 827 2226 omnibus
848 2175 876 2226 in
898 2175 979 2227 rebus
1000 2176 1126 2230 homines

146 2251 330 2318 diligentiores
343 2256 433 2304 essent
448 2271 453 2304 :
468 2269 560 2320 capras
574 2257 601 2304 et
615 2269 679 2304 oves
692 2258 760 2321 quot
774 2254 888 2321 quisque
902 2253 1022 2321 haberet,
1035 2255 1124 2309 dicere

145 2346 231 2395 posse,
248 2330 347 2382 amicos
360 2335 429 2397 quot
442 2331 562 2396 haberet,
577 2348 633 2383 non
647 2349 725 2398 posse
738 2332 828 2384 dicere
842 2352 849 2396 ;
863 2333 931 2384 etin
944 2333 998 2384 illis
1012 2334 1124 2400 quidem

144 2409 272 2474 parandis
285 2409 412 2460 adhibere
426 2426 526 2475 emam,
542 2409 571 2460 iu
595 2410 688 2462 amicis
710 2411 841 2477 eligendis
863 2411 1030 2478 negligentes
1054 2431 1121 2481 esse,

144 2487 305 2539 nechabere
326 2487 403 2554 quasi
426 2487 502 2554 sigua
525 2489 650 2554 quaedam
672 2493 700 2540 et
722 2493 809 2554 notas,
825 2491 924 2556 quibus
945 2507 999 2557 eos,
1015 2492 1064 2558 qui
1087 2495 1123 2546 ad
1215 2495 1216 2498 ’

144 2567 291 2618 amicitiam
305 2570 394 2618 essent
407 2565 506 2632 idonei,
520 2566 682 2633 judicarent.
708 2567 778 2618 Sunt
788 2567 872 2634 igitur
885 2569 956 2620 firmi
969 2574 998 2622 et
1011 2571 1123 2624 stabiles

144 2649 172 2696 et
195 2649 351 2696 constantes
373 2644 508 2711 eligendi;
530 2645 607 2712 cujus
629 2646 734 2712 generis
757 2650 799 2698 est
821 2663 919 2714 magna
940 2649 1072 2715 penuria:
1094 2655 1122 2703 et

140 2723 263 2789 judicare
277 2723 383 2774 difficile
397 2727 439 2774 est
450 2741 523 2789 sane,
534 2723 586 2775 nisi
595 2728 752 2790 expertum3
769 2725 964 2792 experiendum
975 2731 1016 2779 est
1027 2733 1120 2780 autem

142 2803 171 2852 in
193 2802 251 2868 ipsa
274 2802 411 2855 amicitia:
445 2801 484 2854 ita
510 2802 651 2870 praecurrit
677 2803 796 2856 amicitia
820 2804 963 2871 judicium,
992 2807 1121 2874 tollitque

143 2880 299 2946 experiendi
312 2884 483 2946 potestatem.
526 2883 570 2934 63.
603 2881 653 2933 Eat
666 2881 751 2949 igitur
771 2883 915 2949 prudentis
928 2883 1071 2950 sustinere,
1088 2892 1120 2938 ut

142 2975 260 3024 currum,
276 2958 313 3010 sic
333 2958 466 3026 impetum
489 2959 705 3019 benevolentiae:
733 2977 788 3028 quo
810 2965 928 3028 utamur,
945 2963 1023 3029 quasi
1043 2965 1120 3031 equis

140 3038 264 3103 tentatis,
280 3037 318 3089 sic
331 3037 465 3103 amicitiis,
477 3039 568 3105 aliqua
581 3043 658 3106 parte
665 3039 823 3106 periclitatis
830 3040 951 3092 moribus
960 3041 1115 3096 amicorum.

141 3115 260 3178 Quidam
273 3133 344 3183 saepe
357 3115 386 3167 in
400 3133 483 3182 parva
496 3119 610 3183 pecunia
631 3118 831 3184 perspiciuntur
844 3135 927 3186 quam
948 3119 1004 3171 sint
1025 3121 1118 3174 leves:
1171 3129 1174 3138 ’

142 3195 254 3262 quidam
268 3199 368 3259 autem,
392 3211 460 3262 quos
474 3211 557 3262 parva
569 3213 676 3248 movere
690 3213 746 3248 non
759 3197 860 3264 potuit,
876 3203 1076 3264 cognoscuntur
1089 3200 1118 3252 in

140 3291 245 3340 magna
304 3273 351 3325 Sin
364 3277 445 3324 erunt
458 3274 543 3342 aliqui
555 3275 664 3342 reperti,
680 3275 728 3342 qui
747 3275 890 3342 pecuniam
905 3277 1032 3343 praeferre
1051 3279 1117 3330 ami-

140 3353 212 3405 citiae
234 3353 374 3405 sordidum
395 3353 560 3419 existiment,
586 3353 635 3405 ubi
656 3371 701 3406 eos
723 3353 902 3421 inveniemus,
919 3355 967 3422 qui
989 3355 1114 3424 honores,

139 3431 322 3498 magistratus,
338 3430 458 3498 imperia,
473 3435 630 3498 potestates,
647 3449 720 3499 opes,
735 3432 861 3485 amicitiae
870 3449 926 3485 nou
936 3438 1114 3501 anteponant,

139 3514 180 3575 ut,
197 3527 283 3577 quum
306 3527 341 3562 ex
364 3511 450 3562 altera
469 3514 546 3576 parte
568 3511 706 3578 proposita
726 3511 784 3563 haec
811 3511 876 3577 sint,
902 3529 937 3564 ex
960 3513 1046 3566 altera
1068 3514 1116 3582 jus

139 3588 274 3654 amicitiae,
289 3606 345 3640 non
358 3589 446 3640 multo
459 3589 507 3640 iila
520 3589 636 3640 malint?
675 3589 817 3641 Imbecilla
828 3591 901 3642 enim
915 3595 955 3642 est
969 3595 1068 3644 natura
1080 3595 1116 3646 ad

139 3667 366 3719 contemnendam
379 3667 530 3735 potentiam
543 3687 548 3730 ;
570 3685 652 3735 qnam
666 3667 773 3719 etiamsi
785 3669 907 3735 neglecta
920 3669 1039 3722 amicitia
1053 3687 1114 3723 con-
1215 3707 1216 3718 ,

154 3745 224 3796 ecuti
244 3750 318 3813 sunt,
334 3747 508 3799 obscuratum
527 3746 562 3798 in'
582 3746 758 3812 arbitrantur,
774 3747 840 3815 quia
860 3763 916 3799 non
937 3749 995 3800 sine
1016 3765 1115 3817 magna
