2436 4164
535 243 670 286 11111111.
1059 227 1097 286 67

113 388 147 436 ut
170 384 256 453 egisse
280 403 398 452 causam,
413 402 470 438 non
494 389 711 438 commentatum
732 389 850 453 putares
896 386 945 438 88.
968 383 1098 438 Addebat

114 465 207 530 etiam,
230 465 314 534 idque
335 465 372 518 ad
392 482 451 518 rem
471 465 608 533 pertinere
631 466 758 534 putabat,
774 465 919 533 scriptores
942 464 1004 517 illos
1027 465 1098 518 male

112 545 248 597 mulcatos
271 545 358 597 exisse
380 561 443 598 01111
457 544 546 597 Galba
559 565 567 609 ;
587 563 622 598 ex
635 563 690 614 quo
711 545 889 612 significabat,
904 543 985 596 illum
998 537 1054 596 n'on
1068 544 1098 598 in

111 624 219 691 agendo
246 625 344 690 solum,
368 624 415 676 sed
442 625 527 676 etiam
552 626 583 676 in
612 625 772 678 meditando
796 623 986 676 vehementem
1013 629 1097 690 atque

113 703 256 756 incensum
269 703 359 757 fuisse.
405 702 479 767 Quid
490 703 602 758 multat
630 721 730 772 magna
743 703 953 772 exspectatione,
971 703 1097 771 plurimis

115 783 296 849 audientibus,
313 800 404 836 eoram
422 783 483 850 ipso
502 783 587 836 Laelio
606 784 645 836 sic
666 783 742 836 illam
762 799 880 848 0111111,
896 783 1016 834 tentavi
1036 787 1096 834 tan-

113 865 198 929 taque
224 862 358 930 gravitate
381 863 483 915 dixisse
505 862 631 930 Galbam,
646 867 680 915 ut
703 863 781 916 nulla
800 863 857 914 fere
880 879 942 930 pars
965 861 1097 914 orationis

12 943 13 946 ’
113 941 223 994 silentio
236 942 429 1009 praeteriretur.
475 941 575 1010 Itaque
588 943 684 995 multis
698 943 816 1012 querelis
829 941 973 1008 multaque
986 941 1095 994 misera-

109 1021 190 1072 tione
211 1021 335 1074 adhibita
348 1021 434 1074 socios
447 1023 573 1074 omnibus
592 1021 807 1090 approbantibus
825 1019 873 1074 illa
887 1021 932 1074 die
945 1020 1095 1090 quaestione

112 1099 243 1153 liberatos
255 1118 320 1155 esse.

153 1178 267 1232 XXIIL
299 1182 344 1232 89.
369 1179 412 1232 Ex
425 1180 477 1232 hac
490 1180 590 1233 Rutilii
611 1181 766 1234 narratione
790 1179 921 1248 suspicari
943 1179 1017 1246 licet,
1033 1197 1096 1232 oum

113 1258 177 1310 duae
199 1276 312 1311 summae
334 1259 440 1312 sintin
459 1265 566 1312 oratore
585 1260 690 1325 laudes,
706 1277 763 1312 una
782 1259 922 1312 subtiliter
934 1259 1096 1327 disputandi

112 1338 146 1390 ad
175 1337 338 1404 docendum,
354 1339 441 1392 altera
466 1340 585 1406 graviter
611 1339 710 1406 agendi
736 1339 772 1391 ad
792 1338 897 1391 animos
920 1339 1094 1392 audientium

112 1417 319 1484 permovendos,
329 1417 473 1486 multoque
483 1418 545 1486 plus
555 1418 678 1486 proficiat
691 1417 724 1483 is,
737 1418 786 1486 qui
798 1417 950 1470 inflammet
959 1417 1093 1486 judicem,

113 1513 196 1562 quam
222 1497 278 1572 ille,
303 1498 352 1565 qui
375 1497 490 1550 doceat:
510 1497 673 1566 elegantiam
697 1498 727 1550 11
749 1497 844 1563 Laelio,
868 1497 925 1550 vim
951 1498 981 1550 11
1007 1497 1096 1550 Galba

113 1575 204 1628 fuisse
249 1575 317 1640 Quae
338 1577 450 1644 quidem
462 1577 504 1628 vis
517 1581 578 1629 tum
596 1575 715 1629 maxime
736 1576 845 1644 cognita
865 1581 907 1629 est
928 1594 1000 1644 cum,
1016 1576 1095 1630 Lusi-

113 1654 185 1706 tanis
206 1673 223 1708 a
243 1656 298 1708 Ser.
317 1655 405 1708 Galba
423 1660 540 1723 praetore
554 1662 649 1708 contra
661 1656 860 1724 interpositam,
875 1660 909 1709 ut
922 1656 1094 1710 existimaba-

113 1737 168 1800 tur,
183 1734 273 1800 iidem,
290 1735 450 1802 interfectis,
466 1735 494 1789 0.
512 1735 616 1788 Libone
636 1735 748 1788 tribuno
769 1735 855 1804 plebis
875 1735 1008 1805 populum
1027 1735 1094 1790 inci·

113 1817 191 1865 tante
226 1819 254 1866 et
280 1814 448 1881 rogationem
474 1815 504 1866 in
531 1814 648 1868 Galbam
674 1814 810 1884 privilegii
835 1815 952 1868 similem
978 1815 1090 1881 ferente,

113 1909 219 1945 summa
245 1899 393 1959 senectute,
419 1897 452 1946 ut
479 1898 544 1946 ante
566 1894 634 1961 dixi,
658 1894 697 1948 M.
718 1894 787 1948 Cato
813 1894 901 1962 legem
928 1894 1045 1948 suadens
1065 1895 1094 1948 in

114 1970 229 2024 Galbam
246 1973 335 2025 multa
348 1972 421 2025 dixit
432 1992 439 2038 ;
459 1990 543 2041 quam
556 1974 708 2026 orationem
721 1974 751 2026 in
764 1974 880 2042 origines
901 1991 965 2026 suas
985 1973 1094 2028 rettulit

114 2051 206 2118 paucis
226 2055 374 2120 antequam
394 2057 521 2106 mortuus
541 2057 583 2106 est
596 2053 693 2106 diebus
712 2070 748 2104 an
761 2053 906 2106 mensibus
953 2053 998 2106 90.
1023 2052 1094 2106 Tum

111 2129 196 2198 igitur
208 2131 278 2182 nihil
298 2148 426 2184 recusans
439 2131 527 2184 Galba
549 2149 599 2200 pro
620 2149 686 2198 sese,
702 2135 730 2184 et
752 2131 846 2200 populi
870 2131 988 2184 Romani
1011 2131 1094 2186 fidam

112 2209 269 2277 implorans,
291 2227 354 2262 cum
375 2227 439 2264 suos
461 2228 560 2279 pueros
583 2215 645 2264 tum
668 2210 696 2264 G.
715 2210 788 2264 Galli
811 2211 894 2264 etiam
915 2211 1003 2264 filium
1025 2211 1094 2264 flens

110 2289 328 2357 commendabat,
344 2290 423 2358 cujus
435 2289 537 2344 orbitas
550 2295 579 2342 et
592 2290 673 2342 fletus
686 2290 753 2343 mire
766 2289 926 2343 miserabilis
946 2289 1000 2344 fuit
1013 2307 1093 2360 prop-

108 2371 154 2420 ter
174 2373 313 2422 recentem
334 2369 492 2422 memoriam
505 2369 647 2422 clarissimi
660 2369 763 2438 patris3
784 2368 862 2437 isque
875 2386 903 2422 se
917 2373 975 2422 tum
991 2369 1093 2438 eripuit

111 2446 231 2514 flamma,
259 2451 371 2516 propter
396 2464 495 2515 pueros
521 2448 704 2501 misericordia
730 2448 825 2516 populi
852 2453 996 2516 commota,
1022 2449 1093 2502 sicut

109 2525 184 2578 idem
197 2527 329 2594 scriptum
342 2527 454 2595 reliquit
468 2526 543 2581 Cato.
581 2527 675 2596 Atque
689 2527 772 2580 etiam
785 2527 876 2595 ipsum
890 2527 1023 2580 Libonem
1036 2545 1093 2582 non

109 2604 245 2658 infantem
259 2605 338 2658 video
352 2605 444 2673 luisse,
460 2610 493 2660 ut
506 2605 722 2659 exorationibus
735 2606 796 2674 ejus
808 2605 925 2674 intelligi
938 2611 1035 2675 potest.

152 2686 197 2738 91,
222 2684 291 2737 (ium
314 2685 373 2737 haee
400 2685 528 2738 dixissem
557 2691 586 2738 01
612 2685 726 2753 paulum
747 2685 992 2752 mterquievissem‚
1018 2684 1092 2749 Quid

108 2763 202 2831 igitur,
229 2763 328 2832 inquit,
356 2769 397 2816 est
421 2781 518 2831 0111110,
544 2765 658 2830 Β11111,
684 2765 707 2815 11
731 2769 809 2816 tanta
827 2763 913 2816 virtus
932 2764 962 2817 in
985 2769 1092 2818 oratore

109 2843 198 2896 Galba
218 2843 281 2910 fnit,
297 2860 346 2896 cur
369 2861 401 2896 ea
423 2843 500 2896 nulia
520 2843 550 2896 11
574 2843 745 2896 orationibus
766 2842 826 2910 ejus
849 2844 999 2912 apparenti
1018 2845 1093 2912 quod

109 2922 202 2976 1111011
215 2939 271 2974 non
284 2939 395 2990 possum
407 2921 437 2974 in
451 2921 496 2988 eis,
514 2922 563 2991 qui
576 2921 646 2974 nihil
659 2924 770 2976 omniuo
785 2922 878 2990 scripti
891 2923 1068 2991 reliquerunt.

149 3001 259 3054 XXIV.
303 3001 333 3054 N
334 3019 364 3054 ec
377 3002 450 3054 enim
460 3005 502 3054 est
512 3001 617 3068 eadem,
632 3001 759 3072 iuquam,
766 3001 861 3070 Brute,
872 3020 952 3056 011110
965 3020 1020 3056 101
1030 3003 1092 3056 sori·

109 3081 194 3134 bendi
206 3085 235 3133 01
248 3098 305 3134 101
318 3085 376 3134 tam
389 3081 457 3133 bene
471 3081 607 3134 scribendi
621 3098 703 3150 quam
717 3081 844 3135 dixerint.
879 3081 908 3134 N
909 3099 954 3134 am
967 3081 1093 3134 videmus

108 3161 177 3214 alios
190 3165 311 3213 oratores
324 3161 424 3213 inertia
442 3161 512 3212 nihil
533 3160 678 3228 scripsisse,
691 3178 726 3212 10
740 3159 905 3214 domesticus
919 3161 1003 3214 etiem
1016 3161 1092 3214 labor

109 3239 250 3292 accederet
271 3240 306 3292 ad
333 3240 468 3292 forensem
495 3239 643 3307 (pleraeqne
671 3241 746 3292 enim
772 3239 929 3292 scribuntur
956 3239 1092 3294 orationes

108 3319 211 3372 habitae
220 3319 290 3388 jam,
305 3335 361 3370 non
381 3331 415 3370 ut
427 3317 590 3387 habeantur)
603 3337 610 3382 ;
632 3319 676 3371 92.
701 3318 768 3370 alios
781 3335 837 3370 non
850 3317 971 3370 laborare
991 3323 1024 3372 ut
1038 3336 1062 3372 11

108 3399 189 3452 liores
202 3399 272 3451 fiant
280 3397 369 3468 (nulla
378 3397 451 3450 enim
464 3414 507 3450 res
516 3401 626 3450 tantum
635 3397 670 3450 ad
685 3396 831 3450 dicendum
841 3397 947 3464 proficit
958 3403 1039 3466 quaul

109 3478 252 3546 scriptio);
292 3477 451 3529 memoriam
482 3481 576 3529 autem
607 3475 637 3528 in
663 3480 802 3544 posterum
835 3475 937 3543 ingenii
968 3477 1010 3530 sui

108 3559 274 3624 desiderant,
291 3573 353 3608 eum
377 3572 405 3607 se
427 3559 530 3623 putant
550 3556 615 3608 satis
636 3571 762 3623 magnam
786 3554 899 3623 adeptos
913 3572 970 3608 esse
984 3555 1016 3608 da

108 3638 233 3706 gloriam,
249 3652 364 3703 eamque
377 3635 461 3688 etiam
476 3635 607 3704 majorem
620 3635 710 3686 visum
724 3633 767 3701 111,
783 3633 806 3688 si
825 3633 855 3686 in
875 3634 1012 3688 existimor

108 3717 251 3771 arbitrium
265 3732 315 3768 sua
334 3713 436 3783 scripta
455 3731 510 3767 non
527 3713 671 3777 venerint;
692 3713 769 3783 alios,
784 3713 859 3783 quod
878 3713 975 3768 melius
992 3733 1012 3788 p
