2436 4164
463 280 541 322 0110
561 279 677 321 usion.
1023 263 1060 322 rt·

74 415 167 488 potest
190 437 247 472 esse
270 437 321 472 nee
343 437 396 472 usu
422 419 541 484 uberius,
565 436 615 472 nec
638 419 725 488 specie
748 420 890 484 ornatius;
920 420 956 474 ad
977 437 1059 489 quem

73 499 224 552 fruendum
237 516 292 551 nou
306 499 388 551 modo
406 515 462 550 non
483 499 614 564 retardat,
632 515 727 551 verum
749 499 833 551 etiam
855 499 956 553 invitat
975 505 1059 568 atque

73 579 186 631 allectat
209 581 340 630 senectus
391 577 447 629 Ubi
473 578 547 629 enim
570 582 660 645 potest
686 578 734 630 illa
760 583 827 631 aetas
853 584 903 631 aut
929 579 1058 631 calescere

73 657 119 709 vel
141 657 307 724 apricatione
331 656 429 708 melius
450 657 494 708 vel
517 657 583 724 igni,
605 661 655 709 aut
676 657 795 709 vicissim
818 657 923 710 umbris
946 659 1058 725 aquisve

72 737 227 803 refrigerari
240 735 395 788 salubriusl
439 737 484 788 58.
502 735 621 788 habeant
634 736 719 803 igitur
732 736 784 789 sibi
796 753 880 802 arma,
896 736 949 788 sibi
962 754 1055 804 equos,

73 815 127 868 sibi
140 815 241 881 hastas,
258 815 310 867 sibi
333 815 439 866 clavam
452 819 481 866 et
493 815 587 881 pilam,
603 815 655 866 sibi
675 815 831 867 natationes
844 819 928 883 atque
942 819 1036 868 cursus
1051 835 1057 869 ε

72 895 154 946 nobis
167 894 277 946 senibus
291 911 325 945 ex
339 893 491 946 lusionibus
504 894 600 946 multis
613 894 684 946 talos
697 894 854 962 relinquant
875 899 904 947 et
923 899 1037 947 tesseras
1051 915 1057 956 ;

71 974 101 1025 id
115 975 207 1040 ipsum
220 977 361 1040 utcunque
374 972 490 1038 lubebit,
506 973 636 1039 quoniam
650 973 708 1025 siue
721 973 755 1025 iis
768 973 848 1026 beata
862 990 919 1050 esse
933 978 1057 1026 senectus

70 1057 171 1119 potest.

112 1131 209 1184 XVII.
255 1133 300 1184 59.
325 1130 431 1182 Multas
445 1130 536 1182 adres
550 1132 679 1198 perutiles
695 1130 888 1199 Xenophontis
902 1131 965 1184 libri
979 1136 1053 1197 sunt,

61 1227 141 1277 -qnos
164 1211 255 1278 legite,
273 1227 374 1278 queso,
390 1210 520 1275 studiose,
536 1214 569 1262 ut
587 1210 684 1262 facitis.
730 1209 818 1273 Quam
840 1211 946 1278 copiose
967 1211 1002 1264 ab
1024 1229 1056 1263 eo

70 1289 238 1356 agricultura
250 1289 381 1341 laudatur
393 1289 423 1340 in
436 1305 468 1340 eo
481 1288 560 1354 libro,
577 1289 625 1356 qui
639 1294 680 1341 est
694 1289 728 1341 de
742 1290 847 1342 tuenda
866 1307 895 1342 re
917 1291 1053 1355 familiari,

70 1369 121 1435 qui
134 1368 325 1420 OEcouomicus
338 1367 513 1420 inscribitur!
535 1368 630 1435 Atque
643 1373 676 1420 ut
689 1367 859 1436 intelligatis,
875 1369 945 1422 nihil
958 1369 984 1421 ei
997 1374 1055 1421 tam

69 1448 163 1514 regale
176 1447 272 1512 videri
290 1463 374 1514 quam
398 1446 522 1498 studium
546 1447 604 1513 agri
627 1447 744 1512 colendi,
760 1447 883 1500 Socrates
897 1448 925 1499 in
940 1466 972 1500 eo
985 1449 1055 1500 libro
1105 1513 1107 1516 Ι

69 1526 197 1593 loquitur
223 1543 285 1578 cum
309 1525 460 1591 Critobulo,
490 1526 592 1592 Cyrum
612 1526 755 1591 minorem,
781 1527 925 1579 Persarum
952 1543 1052 1593 regern,

69 1608 250 1670 praestantem
262 1605 371 1670 ingenio
384 1609 468 1672 atque
482 1605 588 1671 imperii
601 1603 695 1671 gloria,
712 1622 798 1672 quum
820 1605 959 1674 Lysander
973 1606 1054 1658 Lace·

70 1683 234 1748 daemonius,
250 1683 292 1734 vir
312 1700 425 1736 aummae
438 1684 558 1750 virtutis,
575 1684 694 1736 venisset
715 1684 750 1736 ad
773 1701 837 1737 eum
861 1684 960 1751 Sardis,
974 1685 1053 1750 eique

70 1762 147 1813 dona
160 1779 177 1813 a
200 1761 277 1814 sociis
296 1762 442 1829 attulisset,
473 1767 501 1814 et
522 1763 619 1815 ceteris
641 1763 671 1814 in
694 1763 775 1815 rebus
798 1781 970 1816 communem
991 1781 1054 1832 erga

70 1840 246 1908 Lysandrum
266 1844 348 1908 atque
362 1841 513 1894 humanum
526 1842 619 1908 fuisse,
635 1847 663 1894 et
684 1843 710 1895 ei
733 1843 871 1910 quendam
885 1848 1053 1911 consaeptum

69 1937 176 1986 agrum,
192 1920 336 1988 diligenter
349 1921 493 1986 consitum,
510 1921 671 1974 ostendisse.
724 1920 817 1984 Quum
830 1927 924 1975 autem
937 1923 1052 1975 admire-

69 2003 148 2050 retur
170 1998 309 2065 Lysander
329 2003 358 2050 et
379 2000 554 2066 proceritates
577 2000 713 2067 arborum,
728 2005 757 2052 01
780 2001 898 2054 directos
921 2002 950 2054 in
974 2002 1052 2070 quin-

69 2093 183 2129 cuncem
203 2077 320 2144 ordines,
337 2082 365 2130 et
389 2078 505 2130 humum
529 2079 670 2131 subactam
687 2084 772 2146 atque
789 2097 895 2147 puram,
911 2085 940 2132 et
963 2081 1051 2134 suavi-

68 2160 157 2208 tatem
179 2157 303 2223 odornm,
328 2157 377 2224 qui
403 2158 560 2209 afflarentur
582 2175 596 2209 e
620 2158 748 2224 floribus,
766 2162 828 2210 tum
849 2177 913 2211 eum
939 2160 1047 2222 dixisse,

68 2235 164 2288 mirari
192 2252 297 2288 1011011
321 2236 403 2288 modo
425 2237 604 2304 diligentiam,
634 2237 681 2289 sed
704 2236 788 2289 etiam
809 2238 957 2290 sollertiam
980 2239 1049 2306 ejus,

67 2331 83 2365 a
118 2331 175 2381 quo
209 2319 300 2366 essent
336 2313 384 2367 illa
420 2315 543 2369 dimensa
580 2320 663 2383 atque
696 2316 852 2384 descripta:
887 2322 915 2370 et
949 2317 1051 2384 Cyrum

66 2393 259 2460 respondisse:
279 2394 368 2461 Atqui
392 2410 436 2461 eye
457 2395 549 2446 001010
572 2397 626 2447 istc
647 2413 707 2447 som
728 2395 863 2448 dimensas
874 2415 884 2462 ,·
912 2398 965 2448 0101
988 2408 1051 2452 auat

67 2473 185 2538 ordines,
209 2489 268 2524 1000
295 2473 457 2540 ceccaum
485 2474 579 2525 multoe
600 2475 683 2526 011001
707 2475 822 2526 istoriam
843 2477 969 2528 01101000
992 2495 1050 2532 urea

66 2568 155 2602 maroa
167 2554 312 2604 10010010.
366 2551 436 2603 Tum
451 2551 622 2619 Lysandrum
644 2555 799 2605 intuentem
822 2571 969 2622 prupuram
991 2557 1050 2623 ejus

65 2635 95 2681 01
108 2630 228 2682 nit-orem
241 2629 359 2698 corporis
373 2635 554 2698 ornatumque
568 2632 708 2684 Persicum
721 2633 810 2686 multo
823 2650 888 2686 auro
901 2635 1050 2702 multisque

65 2709 190 2775 gemmis,
205 2709 325 2763 dixisse:
356 2710 419 2762 Rite
438 2727 496 2762 vero
517 2715 551 2776 10,
579 2711 776 2777 (1010100100
793 2712 898 2778 101001,
922 2715 1050 2780 quoniam

65 2788 229 2839 1111011110
247 2789 365 2854 fortuma
378 2789 520 2854 0001101010
534 2793 577 2843 ast.
623 2792 668 2843 60.
694 2790 755 2842 Hac
774 2791 859 2858 igitur
871 2792 982 2844 fortuna
995 2795 1050 2848 frui

65 2867 133 2919 licet
166 2867 296 2920 senibus:
327 2883 377 2919 nee
404 2873 471 2920 aetas
497 2869 621 2936 impedit,
647 2885 702 2936 quo
725 2869 816 2922 minus
844 2875 873 2922 et
900 2874 1063 2926 ceterarum·

65 2961 168 3010 rerum,
185 2949 212 2996 et
226 2946 363 3012 inprimis
377 2947 435 3013 agri
449 2947 556 2999 colendi
570 2948 662 3000 studia
680 2952 823 3002 teneamus
836 2966 923 3017 usque
937 2951 972 3003 ad
985 2954 1049 3005 ulti·

65 3041 143 3076 mum
157 3028 267 3091 tempus
280 3025 434 3084 senectutis.
479 3025 518 3079 M.
538 3027 649 3093 quidem
663 3026 804 3080 Valerium
815 3028 933 3081 Corvum
947 3034 1049 3100 accepi-

65 3120 128 3155 mus
148 3103 183 3154 ad
208 3103 386 3156 centesimum
400 3121 503 3156 aunum
523 3105 690 3172 perduxisse,
707 3123 793 3174 quum
817 3111 888 3160 esset
909 3114 969 3161 acta
990 3112 1049 3178 jam

66 3185 150 3234 aetate
163 3182 193 3233 in
207 3183 287 3249 agris,
304 3199 403 3250 eosque
418 3183 517 3236 coleret
533 3203 538 3237 :
570 3185 649 3251 cujus
663 3185 735 3237 inter
748 3187 867 3253 primum
889 3192 917 3238 et
940 3194 1049 3242 sextum

67 3261 247 3312 consulatum
274 3278 322 3312 sex
349 3267 377 3313 et
401 3261 586 3330 quadraginta·
603 3263 669 3315 anni
692 3264 884 3320 interfuerunt.
950 3265 1049 3336 Itaque

67 3343 204 3406 quantum
219 3340 337 3407 spatium
362 3341 452 3392 aetatis
474 3342 591 3409 majores
607 3343 695 3395 nostri
717 3343 753 3395 ad
776 3345 924 3396 senectutis
938 3345 1049 3400 initium

70 3435 128 3470 esse
141 3417 300 3485 voluerunt,
315 3409 412 3500 tantus
433 3419 475 3472 illi
487 3437 581 3472 cursus
595 3422 730 3474 honorum
743 3422 804 3474 fuit
850 3423 942 3491 Atque
964 3426 1049 3494 hujus

67 3503 190 3549 extrema
216 3501 283 3549 aetas
320 3498 371 3549 hoc
405 3498 519 3565 beatior,
549 3516 632 3566 quam
653 3501 752 3566 media,
781 3501 855 3568 quod
878 3506 1048 3557 auctoritatis

67 3575 186 3628 habebat
216 3577 286 3644 plus,
316 3576 417 3628 laboris
450 3579 548 3630 minus.
606 3579 684 3646 Apex
710 3582 752 3630 est
785 3584 878 3633 autem
900 3586 1048 3637 senectutis

68 3655 222 3708 0101011111.
269 3657 313 3707 61.
339 3655 449 3718 Quanta
461 3657 558 3708 fuitin
578 3656 608 3709 L
627 3657 734 3710 Caecilio
748 3658 880 3713 Metello!
902 3667 1006 3729 quanta
1019 3664 1046 3716 in

67 3734 152 3788 Atilio
166 3733 309 3787 Calatino!
338 3734 368 3786 in
382 3751 463 3802 quem
481 3735 551 3788 illud
564 3736 703 3804 elogium:
722 3753 811 3790 00001
832 3737 903 3792 brute
921 3741 1023 3808 parta
