2436 4164
160 245 200 304 20
472 261 505 302 nr.
525 261 634 303 rursu
655 261 822 304 cronsonrs

157 399 314 467 revertitur,
330 417 388 468 nec,
405 401 472 470 quid
486 405 626 469 sequatur,
642 401 704 453 sciri
717 404 815 468 potest.
862 400 942 464 Quod
955 399 1056 468 cuique
1069 403 1147 452 tem-

157 478 230 546 poris
243 479 279 531 ad
293 481 442 532 vivendum
455 481 546 546 datur,
561 497 593 532 eo
607 481 688 532 debet
701 497 758 532 esse
772 484 924 532 contentus.
970 479 1014 537 70.
1039 479 1147 546 Neque

157 557 231 609 enim
254 558 390 625 histrioni,
417 564 450 611 ut
471 560 586 626 placeat,
611 559 764 626 peragenda
787 560 879 613 fabula
911 563 961 625 est,
991 559 1083 624 modo,
1114 557 1145 610 iu

158 652 322 704 quocunque
345 638 429 690 fuerit
452 642 525 703 actu,
551 637 700 704 probetur:
733 655 823 706 neque
845 638 961 705 sapienti
987 653 1077 704 usque
1107 637 1146 689 ad

156 715 286 768 Plaudite
308 717 486 768 veniendum.
501 720 548 768 est.
606 715 693 768 Breve
720 717 793 768 enim
819 720 928 785 tempus
955 715 1046 768 aetatis
1073 716 1146 766 satis

156 793 269 861 longum
296 799 338 846 est
364 795 400 847 ad
425 795 495 847 bene
521 795 689 862 honesteque
711 796 881 859 vivendum
915 795 957 848 sin
980 794 1147 862 processeris

156 871 273 939 longius,
289 890 345 926 non
359 874 444 940 magis
457 874 606 925 dolendum
620 877 668 940 est,
682 891 765 941 quam
779 874 901 941 agricolae
915 874 1019 939 dolent,
1042 877 1147 940 praete-
1196 892 1197 970 p

157 950 211 1002 rita
230 952 308 1003 verni
327 952 457 1020 temporis
477 953 623 1018 suavitate,
645 956 768 1004 aestatem
788 957 1007 1020 autumnumque
1020 949 1140 1004 venisse.

158 1028 215 1080 Ver
228 1027 302 1082 enim
315 1034 448 1098 tanquam
461 1031 671 1083 adolescentiam
685 1031 827 1098 significat,
844 1031 1019 1098 ostenditque
1032 1031 1144 1082 fructus
1196 1037 1197 1112 l

157 1108 286 1162 futuros:
307 1109 412 1177 reliqua
432 1114 555 1178 tempora
574 1110 745 1162 demetendis
764 1110 898 1162 fructibus
918 1114 946 1162 et
960 1109 1143 1177 percipiendis

157 1188 359 1240 accommodata
378 1192 450 1241 sunt.
496 1187 541 1244 71.
585 1189 703 1241 Fructus
730 1192 823 1242 autem
853 1189 1000 1241 senectutis
1023 1192 1076 1254 est,
1109 1193 1143 1238 ut

157 1281 228 1332 saepe
248 1266 317 1333 dixi,
339 1271 403 1322 ante
422 1271 563 1334 partorum
582 1267 716 1320 bonorum
734 1268 912 1320 memoriast
932 1267 1014 1334 copia
1040 1267 1143 1318 Omnia
1196 1309 1197 1374 p

157 1349 250 1396 autem
270 1362 332 1412 quae
351 1346 501 1398 secundum
520 1350 648 1399 naturam
667 1346 748 1413 fiunt,
769 1351 834 1399 sunt
854 1346 980 1399 habende
998 1346 1027 1397 in
1048 1345 1137 1397 bonis.

158 1421 231 1485 Quid
251 1429 293 1476 est
313 1429 405 1476 autem
418 1429 476 1477 tam
489 1425 640 1478 secundum
653 1430 789 1492 naturam,
805 1442 887 1493 quam
902 1424 1012 1477 senibus
1032 1425 1120 1476 emori
1132 1423 1142 1474 'l
1196 1437 1197 1530 p

157 1502 231 1568 quod
250 1503 324 1555 idem
344 1504 477 1571 contingit
493 1504 716 1570 adolescentibus,
740 1504 902 1556 adversante
922 1508 950 1555 et
970 1507 1141 1570 repugnante

157 1585 263 1634 natura.
308 1583 406 1650 Itaque
426 1583 611 1635 adolescentes
630 1583 699 1634 mibi
718 1582 787 1635 mori
797 1583 835 1634 sic
849 1583 986 1648 videntur,
1002 1586 1036 1634 ut
1050 1599 1139 1649 quum

156 1676 235 1725 aquae
255 1661 434 1713 multitudine
454 1662 571 1714 flammis
590 1661 633 1712 vis
652 1661 832 1729 opprimitur:
853 1679 930 1714 senes
950 1665 1052 1727 autem,
1069 1661 1140 1712 sicut

157 1755 206 1789 sua
226 1743 331 1806 sponte,
354 1741 430 1792 nulla
449 1740 573 1792 adhibita
592 1741 630 1806 vi,
653 1744 830 1808 consumptus
849 1741 920 1808 ignis
943 1740 1135 1806 exstinguitur.
1195 1733 1197 1832 l

157 1817 203 1882 Et,
221 1818 299 1885 quasi
312 1835 393 1884 poma
413 1835 447 1869 ex
467 1819 617 1885 arboribus,
640 1819 724 1871 cruda
737 1819 759 1871 si
780 1824 853 1885 sunt,
870 1820 917 1872 vix
932 1819 1099 1884 avelluntur,
1116 1819 1140 1868 si

157 1899 264 1948 matura
284 1900 312 1948 et
333 1900 418 1962 cocta,
441 1896 581 1964 decidunt,
603 1898 641 1948 sio
656 1898 740 1950 vitam
753 1899 969 1951 adolescentibus
983 1897 1023 1950 vis
1037 1899 1138 1962 aufert,

157 1974 266 2026 senibus
286 1975 429 2027 maturitas
443 1995 450 2040 ;
470 1992 533 2042 quae
547 1975 658 2044 quidem
671 1977 740 2028 mihi
752 1981 810 2028 tam
821 1977 945 2050 jucunda
958 1981 1007 2042 est,
1024 1980 1067 2042 ut,
1083 1993 1139 2043 quo

156 2054 268 2120 propius
288 2054 323 2106 sd
343 2058 459 2107 mortem
479 2055 613 2122 accedam,
632 2055 710 2122 quasi
729 2059 830 2108 terram
850 2056 942 2108 videre
962 2056 1064 2122 videar,
1087 2056 1138 2108 ali-
1195 2049 1198 2162 ι

158 2133 322 2200 quandoque
335 2133 365 2185 in
378 2137 488 2201 portum
502 2129 536 2186 ex
549 2134 630 2202 longa
643 2135 817 2202 navigatione
831 2151 888 2187 esse
904 2138 1040 2186 venturus.

196 2211 261 2264 XX.
307 2210 351 2269 72.
385 2212 539 2265 Senectutis
562 2217 655 2265 autem
680 2213 773 2265 nullus
800 2218 841 2265 est
869 2217 958 2266 coitus
985 2213 1139 2279 terminus;

156 2294 283 2357 recteque
306 2291 335 2342 in
359 2308 392 2342 ea
414 2291 527 2357 vivitur,
543 2292 633 2358 quoad
655 2308 755 2343 munus
778 2293 858 2344 officii
882 2292 994 2359 exsequi
1015 2296 1044 2343 et
1067 2296 1140 2346 tueri
1197 2327 1198 2332 =

157 2369 248 2435 possis.
293 2369 337 2420 Ex
361 2387 415 2437 quo
439 2370 481 2435 fit,
504 2373 537 2421 ut
560 2369 706 2421 animosior
728 2371 812 2422 etiam
834 2375 958 2423 senectus
982 2370 1027 2436 sit,
1056 2388 1139 2438 quam
1196 2363 1198 2462 l

156 2448 348 2513 adolescentia,
383 2453 412 2500 et
442 2449 546 2501 fortior.
610 2447 672 2499 Hoc
695 2448 765 2500 illud
800 2453 851 2515 est,
887 2449 958 2516 quod
995 2449 1139 2504 Pisistrato

156 2530 274 2593 tyranno
297 2543 314 2578 a
334 2526 432 2578 Solone
462 2543 621 2593 responsum
647 2530 698 2593 est,
727 2544 813 2594 quum
839 2528 881 2580 illi
911 2528 1053 2595 quaerenti,
1083 2547 1138 2597 qua
1197 2515 1198 2596 l

81 2599 84 2606 ’
156 2605 268 2657 tandem
295 2622 342 2671 spe
369 2605 456 2656 fretus
484 2605 536 2656 sibi
555 2608 614 2656 tam
635 2605 774 2658 audaciter
794 2607 947 2672 obsisteret,
970 2608 1137 2674 respondisse

156 2683 264 2749 dicitur,
295 2684 435 2736 Sccccudc.
500 2682 554 2734 Sed
579 2684 692 2735 vivendi
721 2688 764 2736 est
790 2685 853 2737 finis
883 2687 1012 2753 optimus,
1041 2703 1134 2753 quum,
1196 2647 1198 2730 l

156 2763 263 2830 integra
295 2765 386 2814 mente
420 2761 554 2828 certisque
580 2762 712 2828 sensibus,
745 2780 814 2830 opus
840 2764 898 2831 ipsa
924 2780 1005 2816 suum
1031 2765 1132 2831 eadem,

157 2857 220 2908 ques
240 2841 448 2906 coagmentavit,
465 2845 563 2892 natura
582 2839 714 2895 dissolvit.
759 2842 800 2894 Ut
817 2859 926 2909 navem,
941 2847 974 2895 ut
994 2842 1135 2895 aedificium
1196 2867 1198 2872 ’

156 2919 230 2970 idem
257 2919 374 2970 destruit
397 2918 533 2984 facillime,
559 2919 608 2985 qui
634 2921 797 2986 construxit,
823 2921 861 2972 sic
883 2921 1021 2972 hominem
1045 2922 1136 2976 eadem

157 2997 268 3065 optime,
284 3013 346 3064 quse
366 2997 574 3064 conglutinavit,
589 3001 689 3050 natura
708 2999 839 3052 dissolvit.
883 2999 948 3051 Jam
968 3000 1057 3051 omnis
1076 3017 1135 3052 con-

157 3075 304 3144 glutinatio
323 3091 416 3127 recens
436 3093 514 3142 aegre,
531 3075 683 3128 inveterata
702 3077 780 3130 facile
798 3078 946 3132 divellitur.
991 3079 1035 3130 Ita
1049 3079 1089 3145 fit,
1104 3086 1135 3132 ut

156 3155 227 3207 illud
239 3154 320 3206 breve
338 3154 403 3206 vitae
424 3154 560 3221 reliquum
581 3171 631 3207 nec
650 3155 729 3207 avide
751 3156 935 3224 appetendum
956 3156 1072 3222 senibus,
1087 3175 1135 3210 nec

158 3234 216 3286 sine
241 3249 323 3286 cause
353 3232 532 3286 deserendum
563 3233 606 3286 sit.
658 3233 798 3302 Vetatque
825 3234 1002 3302 Pythagoras,
1032 3235 1135 3304 injussu

184 3311 342 3379 operatoris,
358 3311 451 3378 idest,
466 3311 526 3378 Dei,
543 3311 577 3364 de
590 3312 716 3380 praesidio
730 3317 758 3366 et
778 3313 894 3366 statione
914 3314 980 3366 vitae
1000 3314 1129 3368 decedere.

184 3393 205 3445 3.
231 3390 336 3443 Solonis
358 3390 470 3458 quidem
490 3389 619 3458 sapientis
639 3391 758 3458 elogium
777 3396 828 3459 est,
844 3409 898 3460 quc
919 3409 947 3445 se
967 3397 1050 3460 negat
1068 3395 1134 3446 velle

184 3486 236 3523 iam
249 3474 365 3522 mortem
378 3469 471 3522 dolore
484 3469 632 3522 amicorum
643 3473 671 3522 et
684 3470 812 3522 lamentis
821 3487 923 3524 vacare.
955 3470 1036 3539 Vult,
1047 3473 1132 3540 credo,

176 3565 188 3602 s
202 3565 260 3600 esse
274 3564 366 3600 carum
380 3548 442 3601 suis.
487 3548 541 3600 Sed
553 3548 629 3601 haud
642 3548 704 3615 scio,
721 3566 757 3602 an
770 3549 868 3601 melius
881 3549 987 3602 Ennius
1000 3569 1006 3581 ·
1067 3613 1078 3630 ἱ

365 3654 440 3767 mi}
450 3670 486 3704 mc
496 3654 608 3704 uacat
618 3649 714 3717 decoret,
725 3670 767 3704 acc
773 3655 927 3718 marstem
