2436 4164
147 255 186 311 90
452 271 487 311 u.
508 241 617 312 runnu
638 269 805 311 nicanoris
896 251 899 256 '

146 413 239 464 noster
271 414 409 480 acceptam
435 410 470 462 ab
502 410 560 475 illo,
588 415 750 478 auctamque
777 427 826 477 per
852 427 918 477 sese,
947 409 990 463 vir
1016 409 1133 478 ingenio

146 495 286 556 praestans,
310 490 438 557 omnique
459 489 589 556 doctrina,
614 489 739 556 pluribus
761 493 789 542 et
811 489 1003 546 illustrioribus
1027 490 1133 542 litteris

146 567 299 636 explicavit.
347 571 411 621 206.
436 567 490 620 Sed
512 568 586 620 idem
598 567 690 620 AElius
711 569 812 621 stoicus
834 585 891 620 esse
913 568 1012 634 voluit,
1036 573 1133 622 orator
1210 607 1211 616 .

145 651 238 699 autem
251 665 302 700 nec
315 647 422 700 studuit
435 664 557 714 unquam
570 663 621 699 nec
630 647 703 711 fuit;
724 642 858 699 scribebat
873 651 966 698 tamen
980 647 1129 713 orationes,
1210 625 1211 656 ¹

145 742 214 793 quas
236 727 283 778 alii
306 726 434 791 dicerent,
451 730 485 777 ut
506 724 537 789 Q.
556 725 693 778 Metello*
707 726 752 792 R,
776 730 808 778 ut
832 724 863 788 Q.
887 725 1016 793 Caepioni,
1033 731 1068 778 ut
1092 725 1125 788 Q.

145 805 275 872 Pompeio
296 805 370 858 Rufo
382 823 389 868 ;
420 821 577 871 quanquam
599 804 623 856 is
644 803 727 856 etiam
750 805 808 872 ipse
825 803 932 871 scripsit
955 821 1009 870 eas,
1026 803 1130 872 quibus

145 900 194 950 pro
208 901 236 935 se
249 888 290 936 est
304 901 378 946 usus,
394 883 505 934 sednon
514 883 572 934 sine
583 882 664 936 AElio.
699 883 764 938 207.
783 882 835 934 His
845 883 919 934 enim
928 882 1129 950 scriptisetiam

145 962 202 1028 ipse
230 963 351 1028 interfui,
385 978 448 1013 cum
476 978 562 1013 essem
589 961 663 1028 apud
683 961 791 1014 AElium
817 961 980 1028 adolescens,
1007 979 1128 1030 eumque

145 1040 238 1092 audire
261 1041 430 1108 perstudiose
452 1041 573 1094 solerem.
626 1039 734 1092 Cottam
755 1043 846 1092 autem
872 1040 963 1106 miror,
987 1057 1129 1093 summum

144 1119 234 1186 ipsum
244 1123 386 1186 oratorem,
398 1118 565 1187 minimeque
577 1119 710 1186 ineptum,
722 1119 846 1172 AEiianas
856 1119 929 1170 leves
942 1119 1129 1172 oratiunculas

145 1197 262 1250 voluisse
275 1197 424 1250 existimari
437 1215 506 1253 suas.

185 1275 275 1329 LVII.
319 1276 373 1328 His
396 1276 503 1329 duobus
529 1275 651 1344 ejusdem
677 1277 766 1329 aetatis
786 1275 1018 1329 annumerabatur
1043 1293 1127 1328 nemo

146 1355 264 1418 tertius;
297 1356 345 1408 sed
371 1355 440 1408 mihi
465 1355 589 1423 placebat
616 1355 782 1423 Pomponius
808 1355 936 1422 maxime,
965 1355 1010 1406 vel
1035 1355 1128 1407 dicam

145 1433 257 1486 minime
280 1434 447 1502 displicebat
500 1433 588 1486 Locus
609 1439 667 1486 erat
694 1435 805 1486 omniuo
831 1434 874 1488 in.
888 1433 1014 1486 maximis
1037 1435 1128 1486 causis
1210 1459 1211 1462 ¹

146 1517 246 1580 praeter
272 1530 326 1580 eos,
351 1513 386 1566 de
413 1513 512 1581 quibus
538 1530 620 1580 supra
646 1513 713 1579 dixi,
736 1513 857 1567 nemini:
888 1516 1030 1581 propterea
1051 1513 1129 1580 quod

146 1591 293 1658 Antonius,
309 1592 357 1660 qui
370 1593 487 1646 maxime
501 1593 688 1659 expetebatur,
705 1591 791 1644 facilis
804 1592 833 1644 in
857 1591 944 1644 causis
964 1591 1129 1659 recipiendis

144 1673 225 1732 erat;
247 1671 412 1722 fastidiosior
433 1671 551 1737 Crassus,
568 1670 616 1722 sed
635 1675 727 1723 tamen
748 1670 901 1738 recipiebat.
947 1669 1054 1722 Horum
1079 1671 1130 1736 qui

146 1753 276 1800 neutrum
302 1749 427 1815 habebat,
457 1749 630 1816 confugiebat
663 1750 698 1802 ad
732 1749 891 1817 Philippum
924 1749 981 1801 fere
1014 1753 1064 1801 aut
1091 1750 1130 1802 ad
1210 1785 1211 1820 p

147 1826 354 1880 Gaesarem„
376 1827 457 1880 Cotta
470 1833 498 1880 et
511 1827 647 1896 Sulpicius
668 1829 873 1896 expetebantur.
916 1827 962 1880 Ita
975 1827 1009 1880 ab
1022 1827 1066 1880 hie
1079 1845 1131 1880 sex
1210 1885 1211 1890 ,

147 1905 269 1972 patronis
291 1923 378 1958 causa
400 1907 521 1959 illustres
542 1907 712 1974 agebantur;
740 1925 829 1974 neque
852 1912 911 1959 tam
931 1907 1020 1959 multa
1043 1923 1130 1974 quam

147 1988 240 2036 nostra
266 1989 347 2037 aetate
370 1985 475 2053 judicie
500 1985 612 2051 fiebant,
635 2002 724 2053 neque
751 1987 811 2052 hoc,
837 1986 911 2053 quod
932 2002 1007 2038 nuno
1027 1985 1068 2052 fit,
1097 1991 1131 2037 ut

149 2080 237 2116 cauaae
251 2063 364 2130 singulae
378 2063 589 2116 defenderentur
602 2081 619 2116 a
631 2065 763 2131 pluribus,
779 2081 834 2132 quo
857 2065 925 2118 nihil
938 2069 979 2116 est
992 2064 1126 2117 vitiosius.
1210 2109 1211 2140 ,

149 2143 213 2196 208.
231 2142 437 2209 Respondemus
447 2143 486 2194 eis
493 2159 562 2210 quos
569 2160 626 2195 non
634 2143 788 2196 audivimus
800 2162 806 2197 :
827 2143 920 2211 inquo
930 2143 1048 2210 primum
1058 2161 1131 2210 saepe
1210 2189 1211 2196 ,

147 2221 227 2274 aliter
239 2225 281 2272 est
294 2220 409 2287 dictum,
424 2221 503 2274 aliter
525 2221 561 2273 ad
578 2239 628 2274 nos
640 2222 758 2274 relatum
772 2241 778 2286 ;
798 2222 897 2274 deinde
910 2223 1003 2289 magni
1015 2221 1131 2274 interest

147 2317 237 2352 coram
250 2299 342 2351 videre
354 2317 406 2365 me,
420 2317 502 2367 quem
514 2300 550 2352 ad
563 2300 851 2352 modumadversarius
861 2300 895 2353 de
905 2317 1052 2368 quoquere
1060 2317 1132 2353 aese-

147 2383 232 2444 veret,
242 2377 359 2430 maxime
369 2387 470 2444 autern,
480 2378 606 2445 quemad
617 2378 731 2430 modum
743 2396 859 2446 quaeque
869 2397 912 2431 res
919 2379 1053 2432 audiatur.
1076 2379 1131 2432 Sed

148 2455 219 2508 nihil
232 2455 357 2508 vitiosius
373 2473 465 2523 quam,
482 2473 544 2508 cum
557 2473 643 2508 unum
657 2473 753 2524 corpus
766 2457 863 2510 debeat
877 2475 933 2510 esse
955 2457 1127 2523 defensionis,

148 2534 223 2586 nasci
246 2534 281 2586 de
302 2534 408 2602 integro
430 2552 548 2600 causam,
572 2551 635 2586 eum
656 2535 693 2587 sit
719 2536 753 2586 ab
775 2536 861 2588 altero
884 2541 1015 2604 perorata.
1062 2539 1127 2591 209.

149 2612 280 2665 Omnium
304 2613 377 2664 enim
399 2631 541 2666 causarum
561 2630 649 2666 unum
672 2617 714 2666 est
737 2615 861 2666 naturale
884 2615 1059 2682 principium,
1074 2633 1131 2668 una

148 2691 304 2760 peroratio;
337 2692 450 2760 reliquae
476 2696 575 2759 partes,
602 2691 681 2759 quasi
703 2692 833 2746 membra·
851 2710 900 2746 suo
927 2711 1043 2762 quaeque
1070 2694 1131 2746 loco

149 2771 247 2837 locata,
263 2775 382 2822 suamet
396 2772 452 2823 vim
465 2775 494 2822 et
507 2770 670 2838 dignitatem
683 2774 786 2824 tenent.
832 2771 902 2824 (tum
915 2776 1008 2824 autem
1022 2771 1130 2824 difficile

149 2850 185 2901 alt
199 2849 228 2900 in
242 2849 323 2916 longa
340 2850 463 2902 oratione
483 2867 540 2902 non
563 2849 710 2917 aliquando
733 2849 837 2918 aliquid
858 2851 899 2904 ita
918 2850 1016 2918 dicere,
1031 2855 1065 2904 ut
1078 2852 1131 2904 sibi

149 2929 206 2994 ipse
232 2944 288 2979 non
310 2929 475 2982 conveniat:
495 2933 600 2996 quanto
618 2928 754 2980 difficilius
778 2946 880 2996 cavere,
896 2947 931 2982 ne
955 2929 1023 2998 quid
1043 2929 1126 2996 dicas,

150 3005 224 3073 quod
237 3022 293 3057 non
306 3007 450 3059 conveniat
463 3007 522 3074 ejus
535 3006 652 3059 orationi
660 3006 708 3073 qui
718 3011 782 3059 ante
796 3011 825 3058 te
838 3008 938 3060 dixerit
949 3007 958 3060 i
998 3008 1052 3060 Sed
1066 3009 1130 3075 quia

150 3089 178 3136 et
191 3084 269 3136 labor
281 3084 370 3136 multo
383 3085 470 3152 major
483 3089 524 3136 est
537 3089 626 3138 totam
639 3102 756 3152 causam,
767 3103 850 3153 quam
863 3091 977 3152 partem,
990 3087 1087 3152 dicere,
1102 3092 1130 3138 et

150 3162 215 3230 quia
228 3162 319 3230 plures
341 3162 472 3215 ineuntur
491 3163 593 3230 gratiae,
611 3164 634 3215 si
646 3179 703 3215 uno
716 3167 839 3230 tempore
849 3163 922 3216 dicas
932 3181 981 3231 pro
994 3165 1128 3231 pluribus,

150 3241 249 3293 idcirco
262 3241 333 3293 hanc
346 3242 571 3294 consuetudinem
583 3241 702 3294 libenter
715 3242 884 3296 adscivimus.

190 3319 297 3372 LVIII.
343 3321 408 3374 210.
442 3320 529 3372 Erant
549 3325 643 3372 tamen
663 3319 763 3388 quibus
787 3321 925 3373 videretur
946 3321 1019 3374 iliius
1040 3323 1131 3374 aetatis

150 3399 249 3450 tertius
273 3397 363 3464 (turio,
380 3398 445 3466 quia
466 3399 693 3466 splendidioribus
714 3399 827 3452 fortasse
848 3399 937 3452 verbis
954 3399 1086 3452 utebatur
1103 3405 1131 3452 et

151 3477 217 3544 quia
230 3476 328 3529 Latine
348 3493 404 3529 non
426 3478 541 3544 pessime
562 3478 726 3544 loquebatur
739 3495 801 3545 usu,
816 3479 904 3544 crede,
920 3479 1013 3546 aliquo
1026 3479 1131 3532 domes-

150 3555 211 3606 tico.
267 3555 340 3608 Nam
360 3555 514 3608 litterarum
539 3556 686 3608 admodum
714 3557 784 3608 nihil
809 3555 932 3621 sciebat;
965 3557 1014 3610 sad
1040 3558 1132 3626 magni

154 3633 272 3698 'uterest,
284 3651 353 3701 quos
366 3635 482 3701 quisque
495 3635 590 3688 audiat
603 3635 726 3702 quotidie
735 3635 817 3695 domi.
829 3635 991 3703 quibuscum
1001 3635 1131 3704 loquatur

194 3727 286 3778 puero,
311 3729 393 3778 quem
419 3713 455 3766 ad
483 3713 596 3766 modum
623 3717 724 3781 patres,
749 3713 898 3782 paedagogi,
922 3718 1023 3767 matres
1049 3714 1133 3768 etiam
