2436 4164
143 261 183 318 56
457 272 493 313 ar.
514 271 624 314 runnu
645 271 812 314 oronnonrs

142 415 248 483 aliquot
262 415 350 482 annis,
365 418 398 467 nt
412 431 447 466 ex
458 413 559 466 Atticis
572 411 757 464 monumentis
770 415 861 480 potest
874 411 997 480 perspici,
1020 413 1121 465 Themi-

142 495 241 547 stocles
260 494 322 560 fuit,
340 511 423 562 quern
437 495 544 546 constat
557 509 620 543 cum
633 492 779 559 prudentia
792 495 853 543 tum
867 492 949 544 etiam
971 493 1124 560 eloquentia

143 573 302 642 praestitisse
316 593 323 637 ;
344 577 405 640 post
413 571 539 638 Pericles,
553 570 601 638 qui
615 588 676 624 cum
685 571 794 622 floreret
808 571 883 623 omni
892 588 989 638 genere
1003 571 1120 638 virtutis,

143 653 194 706 hac
209 657 300 706 tamen
313 653 369 706 fuit
391 652 472 704 laude
485 649 655 702 clarissimus.
720 649 848 702 Cleonem
862 651 945 702 etiam
958 651 1124 718 temporibus

142 733 197 784 11111
207 733 398 785 turbulentum
406 731 485 783 illum
493 729 606 798 quidem
616 729 710 794 civem,
719 729 766 781 aed
776 733 869 782 tamen
879 730 1053 796 eloquentem
1064 747 1124 782 con-

141 811 292 864 1111111111
306 831 313 875 ;
349 813 393 864 29.
411 810 476 862 huic
489 809 566 861 aetati
579 825 708 876 suppares
722 808 886 874 Alcibiades,
903 808 1011 874 Critias,
1027 809 1124 868 Thera-

141 907 241 944 menes.
286 889 393 954 Quibus
416 889 585 957 temporibus
604 887 678 955 quod
703 887 812 940 dicendi
835 904 921 955 genus
945 887 1069 954 viguerit,
1092 907 1125 941 ex

141 968 296 1037 Thucydidi
316 969 432 1038 scriptis,
448 968 497 1036 qni
515 968 573 1035 ipse
587 977 649 1019 tum
668 967 732 1033 fuit,
748 966 866 1034 intelligi
885 967 1003 1018 maxime
1023 972 1120 1034 potest.

141 1048 265 1100 Grandes
292 1052 370 1101 erant
396 1048 495 1114 verbis,
524 1047 610 1099 crebri
636 1045 786 1112 sententiis,
817 1045 1015 1113 compressione
1034 1063 1124 1099 rerum

140 1127 235 1179 breves
248 1131 277 1180 et
291 1128 326 1180 ob
340 1145 400 1180 eam
412 1127 499 1195 ipsam
513 1143 621 1179 causam
635 1125 774 1178 interdum
788 1125 953 1178 subobscuri.

181 1205 262 1260 vm.
308 1209 353 1261 30.
378 1206 432 1260 Sed
453 1211 487 1259 ut
508 1205 679 1258 intellectum
702 1208 753 1270 est,
777 1208 908 1272 quantam
934 1205 990 1256 vim
1012 1205 1124 1258 haberet

140 1290 266 1339 accurata
293 1291 322 1340 et
342 1287 416 1340 sacta
442 1285 562 1354 quodam
582 1284 665 1336 modo
688 1283 785 1350 oratio,
810 1287 871 1335 tum
895 1283 979 1336 etiam
1002 1285 1125 1352 magistri

140 1365 250 1418 dicendi
269 1367 352 1419 multi
371 1365 463 1419 subito
484 1364 657 1418 exstiterunt.
701 1362 854 1415 Leontinus
869 1362 992 1430 Gorgias,
1009 1363 1123 1432 Thrasy-

139 1445 252 1498 machus
276 1442 483 1511 (lhalcedonius,
513 1445 676 1511 Protagoras
703 1441 857 1509 Abderites,
887 1441 1019 1496 Prodicus
1043 1443 1121 1510 Ceus,

138 1523 256 1593 Hippias
269 1524 352 1578 Eleus
365 1525 466 1593 aliique
486 1523 568 1576 multi
587 1522 755 1590 temporibus
776 1521 878 1574 eisdem
898 1522 994 1574 dooere
1014 1539 1043 1574 se
1062 1539 1123 1590 pro·

138 1603 289 1656 fitebantur
323 1604 513 1670 arrogantibus
546 1620 610 1655 sane
643 1601 743 1668 verbis,
778 1601 1010 1669 quemadmodum
1044 1619 1124 1656 cansa

138 1682 332 1735 inferior—ita
345 1683 419 1734 enim
439 1680 780 1750 loquebantur-dicendo
801 1681 860 1732 fieri
881 1681 1002 1749 superior
1021 1687 1119 1750 posset.

140 1763 185 1814 31.
210 1761 264 1813 His
284 1761 412 1829 opposuit
432 1779 490 1814 sese
511 1760 643 1824 Socrates,
659 1759 708 1827 qui
721 1760 876 1813 subtilitate
897 1761 1015 1828 quadam
1029 1761 1122 1830 dispu-

140 1840 218 1892 tandi
237 1841 360 1892 refellere
381 1857 475 1892 eorum
498 1839 627 1892 instituta
653 1839 765 1892 solebat.
810 1839 904 1908 Hujus
926 1857 960 1892 ex
980 1840 1124 1894 uberrimis

138 1920 308 1972 sermonibus
321 1920 487 1972 exstiterunt
507 1917 657 1972 doctissimi
677 1917 750 1984 viri;
770 1919 943 1986 primumque
956 1924 1017 1972 tum
1037 1921 1124 1988 philo

138 1999 241 2067 sophia,
256 2016 312 2052 non
335 1999 383 2052 illa
402 1999 437 2052 de
457 2003 565 2065 natura,
588 2015 650 2066 qnae
670 1999 760 2051 fuerat
780 1997 927 2066 antiquior,
942 1999 990 2051 sed
1010 2000 1078 2067 haec,
1094 2002 1124 2054 in

138 2079 239 2147 quade
262 2079 342 2131 bonis
355 2079 436 2132 rebus
456 2083 484 2131 11
507 2079 586 2131 malis
606 2078 695 2146 deque
709 2078 851 2130 hominum
870 2078 928 2130 vita
952 2083 980 2130 et
1000 2081 1124 2133 moribus

137 2158 303 2226 disputetur,
319 2159 433 2211 inventa
446 2158 552 2211 dicitur.
598 2157 678 2221 Quod
692 2158 821 2226 quoniam
835 2175 920 2225 genus
934 2158 1034 2211 abhoc
1048 2161 1125 2227 quod

137 2239 328 2304 proposuimus
348 2237 486 2302 abhorret,
501 2238 676 2304 philosophos
690 2237 766 2289 aliud
780 2238 808 2289 in
828 2242 937 2306 tempus
957 2235 1122 2306 rejiciamus,

137 2315 173 2368 ad
186 2321 316 2382 oratores,
328 2333 345 2368 a
358 2317 458 2384 quibus
471 2316 584 2384 digressi
598 2333 702 2382 sumus,
713 2321 889 2369 revertamur.
936 2319 980 2372 32.
1005 2317 1124 2372 Exstitit

136 2394 220 2462 igitur
240 2395 300 2462 jam
322 2395 431 2446 senibus
454 2395 518 2461 illis,
543 2411 611 2462 quos
638 2395 720 2462 paulo
744 2400 808 2447 ante
822 2395 950 2462 diximus,
978 2397 1122 2464 Isocrates,

136 2473 215 2542 cujus
229 2473 327 2526 domus
348 2477 454 2526 cunctae
469 2473 582 2526 Graeciae
596 2473 674 2541 quasi
687 2473 770 2526 ludus
791 2474 903 2542 quidam
924 2477 1015 2544 patuit
1038 2481 1124 2544 atque

135 2553 242 2610 officina
265 2551 394 2616 dicendi;
415 2569 530 2620 magnus
551 2557 642 2606 orator
662 2557 691 2604 et
711 2553 847 2621 perfectus
864 2555 1003 2622 magister,
1026 2573 1123 2622 qnam·

135 2648 218 2699 quam
231 2631 332 2684 forensi
352 2631 412 2684 lnce
433 2632 521 2684 carnit
541 2631 668 2699 intraque
687 2632 804 2700 parietes
824 2633 894 2686 aluit
914 2652 975 2686 eam
994 2635 1121 2702 gloriam,

135 2727 217 2778 quam
231 2727 312 2762 nemo
326 2727 387 2763 meo
400 2711 514 2778 quidem
531 2711 636 2778 judicio
650 2716 692 2763 est
712 2716 806 2779 postea
827 2718 997 2767 consecutus.
1043 2714 1071 2766 Is
1093 2720 1123 2766 11

134 2789 193 2856 1111
217 2789 325 2857 scripsit
348 2789 438 2842 multa
458 2791 587 2858 praeclare
611 2795 640 2842 et
663 2790 758 2844 docuit
779 2791 870 2856 alios;
896 2797 925 2844 et
947 2810 1009 2845 cum
1031 2799 1125 2846 cetera

135 2867 233 2919 melius
248 2885 331 2934 qnam
345 2869 496 2936 superiores
509 2873 570 2922 turn
594 2870 699 2937 primus
719 2871 866 2937 intellexit,
883 2872 966 2924 etiam
979 2872 1010 2923 in
1030 2873 1125 2926 soluta

135 2946 265 3013 oratione,
291 2947 358 2998 dum
379 2965 489 3000 versum
513 2949 652 3016 effugeres,
674 2950 787 3002 modum
807 2953 900 3002 tamen
922 2955 950 3002 et
974 2968 1125 3004 numerum

135 3025 272 3094 quendam
294 3029 418 3092 oportere
446 3027 554 3081 servari.
601 3029 645 3082 33.
679 3029 753 3082 Ante
775 3029 848 3080 hunc
875 3028 948 3080 enim
975 3029 1125 3082 verborum

135 3105 212 3172 quasi
234 3108 371 3158 structura
389 3110 417 3157 et
431 3107 558 3174 quaedam
577 3107 613 3160 ad
636 3124 782 3160 numerum
802 3106 939 3158 conclusio
952 3105 1029 3158 nulla
1049 3112 1119 3171 erat,

134 3189 193 3252 aut,
222 3184 245 3236 si
269 3185 379 3252 quando
406 3190 474 3252 erat,
503 3203 559 3238 non
585 3187 733 3254 apparebat
759 3202 820 3238 eam
843 3183 938 3236 dedita
960 3200 1039 3251 opera
1061 3201 1124 3238 esse

135 3263 393 3331 quaesitam-quae
408 3263 524 3317 forsitan
544 3261 604 3320 laus
624 3266 670 3332 sit,
686 3280 781 3316 rernm
801 3267 895 3315 tamen
914 3266 1014 3316 natura
1033 3265 1124 3332 magis

134 3347 196 3396 trun
210 3360 328 3411 casuque
348 3359 555 3411 nonnunquam,
579 3361 662 3412 quam
675 3347 724 3396 aut
742 3341 848 3394 ratione
861 3341 954 3410 aliqua
967 3347 1016 3395 aut
1030 3343 1124 3396 obser-

135 3423 245 3474 vatione
256 3422 345 3477 fiebat.
391 3424 436 3476 34.
464 3421 526 3490 Ipsa
540 3423 613 3475 enim
626 3427 727 3475 natura
740 3421 987 3489 circumscriptione
1001 3422 1123 3490 quadam
1207 3457 1208 3468 .

135 3501 280 3554 verborum
307 3503 511 3570 comprehendit
535 3501 728 3570 concluditque
751 3500 937 3566 sententiam
968 3519 1030 3570 quae
1057 3519 1122 3554 cum
1207 3497 1208 3536 l

133 3581 206 3646 aptis
229 3581 376 3634 constricta
394 3582 483 3634 verbis
507 3584 557 3648 est,
584 3581 658 3634 cadit
678 3581 761 3634 etiam
782 3579 944 3650 plerumque
964 3597 1120 3634 numerose.

138 3655 208 3710 *iam
228 3663 256 3710 et
278 3675 356 3712 aures
379 3661 445 3728 ipsae
466 3660 533 3730 quid
550 3660 672 3730 plenum,
687 3661 755 3729 qnid
776 3660 858 3713 inane
880 3661 916 3713 sit
936 3660 1074 3728 judicant,
1092 3665 1125 3714 et

154 3735 241 3804 piritu,
257 3738 336 3804 quasi
357 3740 518 3793 necessitate
541 3740 643 3810 aliqua,
670 3741 814 3794 verborum
835 3739 1037 3808 comprehensio
1065 3744 1124 3792 ter·
